%Edition
%Månad alltid?
%series?
% Förlag böcker
% Se att alla ser rätt ut

@misc{camcalib,
    author =			 {Bouguet, J. Y.},
    title =				 {Camera Calibration Toolbox for {M}atlab},
    year =				 2010,
    howpublished = 		 {\url{http://www.vision.caltech.edu/bouguetj/calib_doc/}},
    note =				 {Accessed: 2016-10-17}
}

@book{bar-shalom:1992,
    editor =			{Bar-Shalom, Y.},
    title =				{Multitarget-Multisensor Tracking: Applications and Advances},
    volume = 			{II},
    year =				1992,
    isbn =				{978-0-89006-517-4},
    publisher =			{Artech House},
    address =   		{Norwood, MA, USA},
}

@article{Zhang:2000,
    author =			 {Zhang, Zhengyou},
    title =				 {A Flexible New Technique for Camera Calibration},
    journal =			 {IEEE Transactions on Pattern Analysis and Machine Intelligence},
    year =				 2000,
    month =				 nov,
    volume =			 22,
    number =			 11,
    pages =				 {1330--1334},
    issn =				 {0162-8828},
    address =			 {Washington, DC, USA},
    doi =			     {10.1109/34.888718},
    numpages =		 	 5,
}

@inproceedings{Stauffer:1999,
    author =			{Stauffer, Chris and Grimson, W. E. L.},
    title =				{Adaptive background mixture models for real-time tracking},
    booktitle =		 	{Proceedings of the IEEE Computer Society Conference on Computer Vision and Pattern Recognition},
    year =				1999,
    month =				jun,
    volume =			2,
    pages=				{2246--2252},
    ISSN=				{1063-6919}, 
    address=			{Ft. Collins, CO, {USA}},
    doi=				{10.1109/CVPR.1999.784637}, 
}

@inproceedings{Power:2002,
    author =			 {Power, P. W. and Schoonees, J. A.},
    title =				 {Understanding Background Mixture Models for Foreground Segmentation},
    booktitle =		 	 {Proceedings of Image and Vision Computing New Zealand},
    year =				 2002,
    month = 			 nov,
    pages = 			 {267--271},
    address =			 {Auckland, New Zealand},
}

%Seventh IEEE Workshops
@inproceedings{Taycher:2005,
    author =			 {Taycher, L. and Fischer III, J. W. and Darrel, T.},
    title =				 {Incorporating Object Tracking Feedback into Background Maintenance Framework},
    booktitle =		 	 {Proceedings of the Seventh IEEE Workshops on Application of Computer Vision},
    year =				 2005,
    month = 			 jan,
    volume = 			 2,
    pages = 			 {120--125},
    address = 			 {Breckenridge, CO, USA},
    doi = 				 {10.1109/ACVMOT.2005.63},
}

@article{Devernay:2001,
    author =			 {Devernay, Fr{\'e}dr{\'e}ric and Faugeras, Olivier},
    title =				 {Straight Lines Have to Be Straight: Automatic Calibration and Removal of Distortion from Scenes of Structured Enviroments},
    journal =			 {Machine Vision and Applications},
    year =				 2001,
    month =				 aug,
    volume =			 13,
    number =			 1,
    pages =				 {14--24},
    issn =				 {0932-8092},
    doi =				 {10.1007/PL00013269},
    publisher = 		 {Springer Verlag},
    address =			 {Secaucus, NJ, USA},
}

%NOT CLEARED
@book{Gustafsson:2010,
    title =				 {Statistical Sensor Fusion},
    author =			 {Gustafsson, Fredrik},
    isbn =				 {978-91-44-05489-6},
    year =				 2010,
    publisher =		 	 {Studentlitteratur},
}

@book{anderson:1979,
    author =			{Anderson, Brian D. O. and Moore, John B.},
    title =				{Optimal Filtering},
    year =				1979,
    isbn =				{978-0-486-43938-9},
    publisher =			{Dover Publications},
    address =   		{Mineola, NY, USA},
}

@phdthesis{Granstrom:2012,
    title =				 {Extended target tracking using {PHD} filters},
    author =			 {Granstr{\"o}m, Karl},
    type =				 {Dissertation No.~1476},
    school =			 {Linköping University},
    address = 			 {Link{\"{o}}ping, Sweden},
    year =				 2012,
    month = 			 nov,
    isbn =				 {978-91-7519-796-8}
}

@article{Feldmann:2011,
    author =			{Feldmann, M. and Fr\"{a}nken, D. and Koch, W.},
    title =				{Tracking of Extended Objects and Group Targets Using Random Matrices},
    journal =			{IEEE_J_SP},
    year =				{2011},
    month =				apr,
    volume =			{59},
    number =			{4},
    pages = 			{1409--1420},
}

@book{blackman:1999,
    author =			{Blackman, S. S. and Popoli, R.},
    title =				{Design and Analysis of Modern Tracking Systems},
    year =				1999,
    isbn =				{978-1-58053-006-4},
    publisher =			{Artech House},
    address =   		{Norwood, MA, USA},
    series_ =			{Artech House radar library},
    lccn_ =				{99027662},
}

@article{Dempster:1977,
    author =			 {A. P. Dempster and N. M. Laird and D. B. Rubin},
    title =				 {Maximum likelihood from incomplete data via the {EM} algorithm},
    journal =			 {Journal of the Royal Statistical Society, Series {B}},
    year =				 1977,
    volume =			 39,
    number =			 1,
    pages =				 {1--38}
}

@book{Gonzalez:2008,
    author =			 {Gonzalez, Rafael C. and Woods, Richard E.},
    title =				 {Digital Image Processing},
    year =				 2008,
    edition =			 {Third},
    isbn =				 {978-0-13-168728-8},
    publisher =		 	 {Pearson Prentice Hall},
    address =			 {Upper Saddle River, NJ, USA},
}

@article{julierUD-W:2000,
    author =			 {Julier, Simon J. and Uhlmann, Jeffrey K. and Durrant-Whyte, Hugh F.},
    title =				 {A New Method for the Nonlinear Transformation of Means and Covariances in Filters and Estimators},
    journal =			 IEEE_J_AC,
    year =				 2000,
    month =				 mar,
    volume =			 45,
    number =			 3,
    pages = 			 {477--482},
    ISSN =				 {0018-9286},
}

@article{Runnalls:2007,
    author =			 {Andrew R. Runnalls},
    title =				 {A {K}ullback-{L}eibler approach to {G}aussian
    mixture reduction},
    journal =			 IEEE_J_AES,
    year =				 2007,
    month = 			 jul,
    volume = 			 43,
    number = 			 3,
    pages =				 {989--999}
}

@article{bhattacharyya:1943,
    author =			 {Bhattacharyya, A.},
    title =				 {On A Measure of Divergence Between Two Statistical Populations Defined by their Probability Distributions},
    journal =			 {Bulletin of Calcutta Mathematical Society},
    year =				 1943,
    volume =			 35,
    number =			 1,
    pages =				 {99--109}
}

%15th
@inproceedings{wahlstrom:2012,
    author =			 {Wahlstöm, N. and Gustafsson, F. and Åkesson, S.},
    booktitle =		 	 {Proceedings of the 15th International Conference on Information Fusion},
    title =				 {A voyage to Africa by Mr {S}wift},
    year =				 2012,
    month =				 jul,
    pages =				 {808--815},
    address = 			 {Singapore, Singapore},
}

@inproceedings{Karnowski:2015,
    author =			 {Karnowski, J. and Hutchins, E. and Johnson, C.},
    booktitle =		 	 {Proceedings of the IEEE Winter Applications and Computer Vision Workshops},
    title =				 {Dolphin Detection and Tracking},
    year =				 2015,
    month =				 jan,
    pages =				 {51--56},
    address = 			 {Waikoloa Beach, HI, USA},
    doi =				 {10.1109/WACVW.2015.10},
}


@article{Khatib:1985,
    author =			 {Khatib, O.},
    title =				 {Real-time obstacle avoidance for manipulators and mobile robots},
    journal =			 {The International Journal of Robotics Research},
    year =				 1986,
    month =				 {Spring},
    volume =			 5,
    number = 			 1,
    pages =				 {90--98},
}

@ARTICLE{Breitenstein:2011,
    author =			 {Breitenstein, M. D. and Reichlin, F. and Leibe, B. and Koller-Meier, E. and Van Gool, L.},
    journal =			 IEEE_J_PAMI,
    title =				 {Online Multiperson Tracking-by-Detection from a Single, Uncalibrated Camera},
    year =				 2011,
    month =				 sep,
    volume =			 33,
    number =			 9,
    pages =				 {1820--1833},
    doi =			 	 {10.1109/TPAMI.2010.232},
    ISSN =				 {0162-8828},
}

@ARTICLE{Reid:1979,
    author =			 {Reid, D. B.},
    title =				 {An algorithm for tracking multiple targets},
    journal =			 IEEE_J_AC,
    year =				 1979,
    month =				 dec,
    volume =			 24,
    number =			 6,
    pages =				 {843--854},
    doi =				 {10.1109/TAC.1979.1102177},
    ISSN =				 {0018-9286},
}

%Fifth
%publisher = 		{University of California Press},
%editor = 			{Cam, L. M. Le and Neyman, J.},
@inproceedings{MacQueen:1967,
    author = 			{MacQueen, J. B.},
    title = 			{Some Methods for Classification and Analysis of MultiVariate Observations},
    booktitle = 		{Proceedings of the Fifth Berkeley Symposium on Mathematical Statistics and Probability},
    year = 				1967,
    volume = 			1,
    pages = 			{281--297},
    address =			{Berkeley, CA, USA},
}

@Article{liJ:2003,
    author =			 {Li, Rong X. and Jilkov, Vesslin P.},
    title =				 {Survey of Maneuvering Target Tracking. {P}art {I}: Dynamic Models},
    journal =			 IEEE_J_AES,
    year =				 2003,
    month =				 oct,
    volume =			 39,
    number =			 4,
    pages =				 {1333--1364},
}

@article{Marquardt:1963,
    author =			{Marquardt, Donald W.},
    title =				{An algorithm for least-squares estimation of nonlinear parameters},
    journal =			{SIAM Journal on Applied Mathematics},
    year =				1963,
    month =				jun,
    volume =			11,
    number =			2,
    pages =				{431--441},
    doi =			  	{10.1137/0111030},
}

%publisher         = {Springer-Verlag New York},
@Book{ma:2004,
    title             = {An Invitation to {3-D} Vision},
    author            = {Y. Ma and S. Soatto and J. Kosecka and S.S Sastry},
    year              = 2004,
    isbn 			  = {978-0-387-00893-6},
    publisher         = {Springer},
    address 		  = {New York, NY, USA},
}

@Book{hartley:2003,
    title             = {Multiple View Geometry in Computer Vision},
    author            = {Hartley, Richard and Zisserman, Andrew},
    year              = 2003,
    edition 		  = {Second},
    isbn 			  = {978-0-521-54051-3},
    publisher         = {Cambridge University Press},
    address 		  = {Cambridge, UK},
}

% Seventh
@INPROCEEDINGS{zhang:1999, 
    author=				{Zhengyou Zhang}, 
    title=				{Flexible camera calibration by viewing a plane from unknown orientations}, 
    booktitle=			{Proceedings of the Seventh IEEE International Conference on Computer Vision}, 
    year=				1999, 
    volume=				1, 
    pages=				{666-673}, 
    address =			{Kerkyra, Greece},
    doi=				{10.1109/ICCV.1999.791289},}

@Article{Byrd:2000,
    author= 			{Byrd, H. Richard and Gilbert, Charles Jean and Nocedal, Jorge},
    title= 				{A trust region method based on interior point techniques for nonlinear programming},
    journal= 			{Mathematical Programming},
    year= 				{2000},
    volume=				{89},
    number=				{1},
    pages=				{149--185},
    issn=				{1436-4646},
    doi=				{10.1007/PL00011391}
}

@book{sarkka:2013,
    author=				{S{\"a}rkk{\"a}, S.},
    title=				{Bayesian Filtering and Smoothing},
    year=				2013,
    isbn=				{978-1-107-03065-7},
    publisher=			{Cambridge University Press},
    address=			{Cambridge, United Kingdom},
    lccn_=				{2012285440},
    series_=				{Institute of Mathematical Statistics Textbooks},
}

@article{kitagawa:1987,
    author = 			{Genshiro Kitagawa},
    title = 			{Non-{G}aussian State-Space Modeling of Nonstationary Time Series},
    journal = 			{Journal of the American Statistical Association},
    year = 				1987,
    month =				dec,
    volume = 			82,
    number = 			400,
    pages = 			{1032--1041},
    ISSN = 				{0162-1459},
    publisher = 		{[American Statistical Association, Taylor & Francis, Ltd.]},
    doi = 				{10.2307/2289375},
}

@book{smith:1962,
    author=				{Smith, G. L. and Schmidt, S. F. and McGee, L. A. },
    title=				{Application of Statistical Filter Theory to the Optimal Estimation of Position and Velocity on Board a Circumlunar Vehicle},
    year=				1962,
    publisher=			{National Aeronautics and Space Administration},
    address =			{Washington D. C., USA},
    series_=			{NASA technical report},
}

@ARTICLE{julier:2004, 
    author=				{S. J. Julier and J. K. Uhlmann}, 
    journal=			{Proceedings of the IEEE}, 
    title=				{Unscented filtering and nonlinear estimation}, 
    year=				2004, 
    month=				mar,
    volume=				92, 
    number=				3, 
    pages=				{401--422}, 
    doi=				{10.1109/JPROC.2003.823141}, 
    ISSN=				{0018-9219}, 
}


@article{kalman:1960,
    author = 			{Kalman, Rudolph Emil},
    title = 			{A New Approach to Linear Filtering and Prediction Problems},
    journal = 			{Transactions of the ASME--Journal of Basic Engineering},
    year = 				1960,
    volume = 			82,
    number = 			{Series D},
    pages = 			{35--45},
}

@ARTICLE{bell:1993, 
    author=				{B. M. Bell and F. W. Cathey}, 
    title=				{The iterated {K}alman filter update as a {G}auss-{N}ewton method}, 
    journal=			{IEEE Transactions on Automatic Control}, 
    year=				1993, 
    month=				feb,
    volume=				38, 
    number=				2, 
    pages=				{294--297}, 
    doi=				{10.1109/9.250476}, 
    ISSN=				{0018-9286}, 
}

@article{Rauch:1965,
    author =			 {Rauch, H. E. and Tung, F. and Striebel, C. T.},
    title =				 {Maximum likelihood estimates of linear dynamic systems},
    journal =			 {AIAA Journal},
    year =				 1965,
    month =				 aug,
    volume =			 3,
    number =			 8,
    pages =				 {1445--1450},
}

%    publisher =		 	 {Springer-Verlag New York},
%    address =			 {Secaucus, NJ, USA},
@book{bishop:2006,
    author =			 {Bishop, Christopher M.},
    title =				 {Pattern Recognition and Machine Learning},
    year =				 2006,
    isbn =				 {978-0-387-31073-2},
    publisher =		 	 {Springer},
    address =			 {New York, NY, USA},
    series_ =			 {Information Science and Statistics}
} 

@article{Akritas:1996,
    author =			 {Akritas, Alkiviadis G. and Akritas, Evgenia K. and
    Malaschonok, Genadii I.},
    title =				 {Various Proofs of {S}ylvester's (Determinant) Identity},
    journal =			 {Mathematics and Computers in Simulation},
    year =				 1996,
    month =				 nov,
    volume =			 42,
    number =			 {4-6},
    pages =				 {585--593},
    address =			 {Amsterdam, Netherlands},
    issn =				 {0378-4754},
    issue_date =	 	 {Nov. 1996},
    publisher =		 	 {Elsevier Science Publishers B. V.},
} 

@book{Kay:1993,
    author =			 {Kay, Steven M.},
    title =				 {Fundamentals of Statistical Signal Processing: Estimation Theory},
    year =				 1993,
    isbn =				 {978-0-13-345711-7},
    publisher =		 	 {Prentice Hall},
    address =			 {Englewood Cliffs, NJ, USA},
    volume_ =			 1,
} 


@ARTICLE{Fraser:1969,
    author =			 {D. Fraser and J. Potter},
    journal =			 IEEE_J_AC,
    title =				 {The optimum linear smoother as a combination of two optimum linear filters},
    year =				 1969,
    month =				 aug,
    volume =			 14,
    number =			 4,
    pages =				 {387--390},
    ISSN =				 {0018-9286},
}

@article{paige:1977,
    author =			 {C. C. Paige and M. A. Saunders},
    title =				 {Least Squares Estimation of Discrete Linear Dynamic Systems Using Orthogonal Transformations},
    journal =			 {SIAM Journal on Numerical Analysis},
    year =				 1977,
    month =				 apr,
    volume =			 14,
    number =			 2,
    pages =				 {180--193},
}

%NOT CLEARED
@article{naranjo:2013,
    author =			 {Arlene Naranjo and A.  Alexandre Trindade and George Casella},
    title =				 {Extending the State-Space Model to Accommodate Missing Values in Responses and Covariates},
    journal =			 {Journal of the American Statistical Association},
    year =				 2013,
    volume =			 108,
    number =			 501,
    pages =				 {202--216},
}

%NOT CLEARED
@article {icaza:1999,
    author =			 {Icaza, Gloria and Jones, Richard},
    title =				 {A State-Space {EM} Algorithm for Longitudinal Data},
    journal =			 {Journal of Time Series Analysis},
    year =				 1999,
    volume =			 20,
    number =			 5,
    pages =				 {537--550},
    issn =				 {1467-9892},
    publisher =		 	{Blackwell Publishers Ltd},
}

%NOT CLEARED
@article {shumway:1982,
    author =			 {Shumway, R. H. and Stoffer, D. S.},
    title =				 {An Approach to Time Series Smoothing and Forecasting Using the {EM} Algorithm},
    journal =			 {Journal of Time Series Analysis},
    year =				 1982,
    volume =			 3,
    number =			 4,
    pages =				 {253--264},
    publisher =		 	 {Blackwell Publishing Ltd},
    issn =				 {1467-9892},
}

%NOT CLEARED
@article {baritzhak:1985,
    author =			 {I. Y. Bar-Itzhack and Y. Vitek},
    title =				 {The enigma of false bias detection in a strapdown
    system during transfer alignment},
    journal =			 {Journal of Guidance, Control, and Dynamics},
    year =				 1985,
    volume =			 8,
    number =			 2,
    pages =				 {175--180},
}

%NOT CLEARED
@INPROCEEDINGS{skog:2008,
    author =			 {I. Skog and P. Handel},
    booktitle =		 	 {IEEE/ION Position, Location and Navigation Symposium},
    title =				 {Effects of time synchronization errors in {GNSS}-aided {INS}},
    year =				 2008,
    month =				 may,
    pages =				 {82-88},
}

%2010
@INPROCEEDINGS{orguner:2010,
    author =			 {U. Orguner and F. Gustafsson},
    title =				 {Particle filtering with propagation delayed measurements},
    booktitle =		 	 {Proceedings of the 2010 IEEE Aerospace Conference},
    year =				 2010,
    month =				 mar,
    ISSN=				 {1095-323X}, 
    doi = 				 {10.1109/AERO.2010.5446679},
    address =			 {Big Sky, MT, USA},
}

@ARTICLE{zhang:2005,
    author =			 {Keshu Zhang and X. R. Li and Yunmin Zhu},
    title =				 {Optimal update with out-of-sequence measurements},
    journal =			 IEEE_J_SP,
    year =				 2005,
    month =				 jun,
    volume =			 53,
    number =			 6,
    pages =				 {1992--2004},
}

@ARTICLE{bar-shalom:2002,
    author =			 {Y. Bar-Shalom},
    journal =			 IEEE_J_AES,
    title =				 {Update with out-of-sequence measurements in tracking: exact solution},
    year =				 2002,
    month =				 jul,
    volume =			 38,
    number =			 3,
    pages =				 {769--777},
}

@article{Akashi:1977,
    author =			 {Hajime Akashi and Hiromitsu Kumamoto},
    title =				 {Random sampling approach to state estimation in switching environments},
    journal =			 {Automatica},
    year =				 1977,
    month = 			 jul,
    volume =			 13,
    number =			 4,
    pages =				 {429--434},
}

@ARTICLE{chang:1978,
    author =			 {C. B. Chang and M. Athans},
    title =				 {State Estimation for Discrete Systems with Switching Parameters},
    journal =			 IEEE_J_AES,
    year =				 1978,
    month =				 may,
    volume =			 14,
    number =			 3,
    pages =				 {418--425},
    ISSN=				 {0018-9251}, 
    doi=				 {10.1109/TAES.1978.308603}, 
}

%NOT CLEARED
@ARTICLE{magill:1965,
    author =			 {D. Magill},
    journal =			 IEEE_J_AC,
    title =				 {Optimal adaptive estimation of sampled stochastic processes},
    year =				 1965,
    month =				 oct,
    volume =			 10,
    number =			 4,
    pages =				 {434--439},
    ISSN =				 {0018-9286},
}

@Article{briers:2009,
    author =			 {Briers, Mark and Doucet, Arnaud and Maskell, Simon},
    title =				 {Smoothing algorithms for state--space models},
    journal =			 {Annals of the Institute of Statistical Mathematics},
    year =				 2009,
    volume =			 62,
    number =			 1,
    pages =				 {61--89},
    doi =				 {10.1007/s10463-009-0236-2},
    issn =				 {1572-9052},
}

%NOT CLEARED
@Article{bukhalev:1992,
    author =			 {V.~A. Bukhalev},
    title =				 {Optimal smoothing in systems with a randomly switching structure},
    journal =			 {Avtomat. i Telemekh.},
    year =				 1992,
    issue =				 6,
    pages =				 {46--56},
    volume =			 53,
}

%NOT CLEARED
@Article{doucet:2001,
    author =			 {Arnaud Doucet and Christophe Andrieu},
    title =				 {Iterative Algorithms for State Estimation of Jump
    {M}arkov Linear Systems},
    journal =			 IEEE_J_SP,
    year =				 2001,
    volume =			 49,
    number =			 6,
    pages =				 {1216--1227},
}

%NOT CLEARED
@ARTICLE{georghiades:1991,
    author =			 {C. N. Georghiades and D. L. Snyder},
    journal =			 IEEE_J_COM,
    title =				 {The expectation-maximization algorithm for symbol
    unsynchronized sequence detection},
    year =				 1991,
    volume =			 39,
    number =			 1,
    pages =				 {54-61},
    month =				 jan,
}

@ARTICLE{logothetis:1999,
    author =			 {A. Logothetis and V. Krishnamurthy},
    journal =			 IEEE_J_SP,
    title =				 {Expectation maximization algorithms for {MAP} estimation of jump {M}arkov linear systems},
    year =				 1999,
    month =				 aug,
    volume =			 47,
    number =			 8,
    pages =				 {2139-2156},
    issn =				 {1053-587X},
    doi =				 {10.1109/78.774753},
}

%10th 
@INPROCEEDINGS{agl:2009,
    author =			 {J. Ajgl and M. {\v{S}}imandl and J. Dun{\'{i}}k},
    title =				 {Millman’s formula in data fusion},
    booktitle =		 	 {Proceedings of the 10th International PhD Workshop Young Generation Viewpoint},
    year =				 2009,
    month =				 sep,
    pages =				 {1--6},
    address =			 {Hluboka and Vltavou, Czech Republic},
}

@ARTICLE{doucet:2000,
    author =			 {Arnaud Doucet and Andrew Logothetis and Vikram Krishnamurthy},
    title =				 {Stochastic Sampling Algorithms for State Estimation of Jump {M}arkov Linear Systems},
    journal =			 IEEE_J_AC,
    year =				 2000,
    month =				 jan,
    volume =			 45,
    number =			 1,
    pages =				 {188--202},
    ISSN =				 {0018-9286},
}

@BOOK{adams:2003,
    author =			 {Robert A. Adams},
    title =				 {Calculus: A Complete Course},
    year =				 2003,
    isbn =				 {978-0-201-79131-0},
    edition =			 {Fifth},
    publisher =		 	 {Pearson Education Canada},
    address =			 {Toronto, Ontario, Canada},
}

@TECHREPORT{davidon:1959,
    author =			 {W. C. Davidon},
    title =				 {Variable metric method for minimization},
    year =				 1959,
    institution =	 	 {Argonne National Laboratory},
    address =			 {Argonne, IL, USA},
    number =			 {ANL–5990},
}

@TECHREPORT{chang:1976,
    author =			 {Athans, Michael and Chang, Chaw-Biag},
    title =				 {Adaptive Estimation and Parameter Identification Using Multiple Model Estimation Algorithm},
    year =				 1976,
    institution =	 	 {Massachusetts Institute of Technology},
    address =			 {Lexington, MA, USA},
    number =			 {ESD-TR-76-184},
}

@ARTICLE{bar-shalom:1989, 
    author=				{Y. Bar-Shalom and K. C. Chang and H. A. P. Blom}, 
    title=				{Tracking a maneuvering target using input estimation versus the interacting multiple model algorithm}, 
    journal=			{IEEE Transactions on Aerospace and Electronic Systems}, 
    year=				1989, 
    month=				mar,
    volume=				25, 
    number=				2, 
    pages=				{296--300}, 
    doi=				{10.1109/7.18693}, 
    ISSN=				{0018-9251}, 
}

@ARTICLE{eng:2008,
    author =			 {Frida Eng and Fredrik Gustafsson},
    title =				 {Identification with Stochastic Sampling Time Jitter},
    journal =			 {Automatica},
    year =				 2008,
    month =				 mar,
    volume =			 44,
    issue =				 3,
    pages =				 {637–-646},
    doi = 				 {10.1016/j.automatica.2007.06.018},
}

@MASTERSTHESIS{hallmen:2015,
    title =				 {Map-Aided {GPS} Tracking in Urban Areas: Application to Runner Tracking in Sprint Orienteering},
    author =			 {Mathias Hallm{\'e}n},
    school = 			 {Link{\"{o}}ping University},
    address =			 {Link{\"o}ping, Sweden},
    year =				 2015,
    month =				 sep,
}

@MASTERSTHESIS{flodell:2016,
    title =				 {Wildlife Surveillance Using a {UAV} and Thermal Imagery},
    author =			 {Flodell, Albin and Christensson, Cornelis},
    school = 			 {Link{\"{o}}ping University},
    address =			 {Link{\"o}ping, Sweden},
    year =				 2016,
    month =				 jun,
}

@MASTERSTHESIS{zonneveld:2015,
    title =				 {The importance of acoustic enrichment for bottlenose dolphins ({T}ursiops truncatus) in human care},
    author =			 {van Zonneveld, Laura},
    school = 			 {Link{\"{o}}ping University},
    address =			 {Link{\"o}ping, Sweden},
    year =				 2015,
    month =				 mar,
}

%15th
@INPROCEEDINGS{granstromO:2012,
    author =			 {K. Granstr{\"o}m and U. Orguner},
    title =				 {On the reduction of {G}aussian inverse {W}ishart mixtures},
    booktitle =		 	 {Proccedings of the 15th International Conference on Information Fusion},
    year =				 2012,
    month =				 jul,
    pages =				 {2162--2169},
    address = 			 {Singapore, Singapore},
}

@ARTICLE{vo:2006, 
    author=				{B. N. Vo and W. K. Ma}, 
    journal=			{IEEE Transactions on Signal Processing}, 
    title=				{The {G}aussian Mixture Probability Hypothesis Density Filter}, 
    year=				2006, 
    month=				nov,
    volume=				54, 
    number=				11, 
    pages=				{4091--4104},
    ISSN=				{1053-587X}, 
}

%18th
@INPROCEEDINGS{veiback:2015, 
    author=				{C. Veib{\"a}ck and G. Hendeby and F. Gustafsson}, 
    booktitle=			{Proceedings of the 18th International Conference on Information Fusion}, 
    title=				{Tracking of dolphins in a basin using a constrained motion model}, 
    year=				2015, 
    month=				jul,
    pages=				{1330--1337}, 
    address=			{Washington D. C., USA},
}

%19th
@INPROCEEDINGS{veiback:2016, 
    author=				{C. Veibäck and G. Hendeby and F. Gustafsson}, 
    booktitle=			{Proceedings of the 19th International Conference on Information Fusion}, 
    title=				{On fusion of sensor measurements and observation with uncertain timestamp for target tracking}, 
    year=				2016, 
    month=				jul,
    pages=				{1268--1275}, 
    address=			{Heidelberg, Germany},
}

@book{rugh:1996,
    author = 			{Rugh, W. J.},
    title = 			{Linear System Theory},
    year = 				1996,
    isbn = 				{978-0-13-441205-4},
    publisher = 		{Prentice Hall},
    address = 			{Upper Saddle River, NJ, USA},
} 

@PHDTHESIS{forssen:2004,
    author = 	 	{Per-Erik Forss{\'e}n},
    title = 	 	{Low and Medium Level Vision using Channel Representations},
    school = 	 	{Link{\"o}ping University},
    year = 		 	2004,
    address = 	 	{Link\"oping, Sweden},
    type = 	     	{Dissertation No.~858},
    isbn =			{978-91-7373-876-7},
    month =      	mar,
}

@ARTICLE{felsberg:2006, 
    author=			{Michael Felsberg and Per-Erik Forss{\'e}n and Hanno Scharr}, 
    journal=		{IEEE Transactions on Pattern Analysis and Machine Intelligence}, 
    title=			{Channel smoothing: efficient robust smoothing of low-level signal features}, 
    year=			2006, 
    month=			feb,
    volume=			28, 
    number=			2, 
    pages=			{209--222},
    issn= 			{0162-8828},
}

@incollection{buragohain:2009,
    author    = 	{Chiranjeeb Buragohain and Subhash Suri},
    title     = 	{Quantiles on Streams},
    booktitle = 	{Encyclopedia of Database Systems},
    year      = 	2009,
    pages     = 	{2235--2240},
    publisher = 	{Springer US},
    isbn 	  =		{978-0-387-39940-9},
}

@article{felsberg:2015,
    author=			{Felsberg, Michael and {\"O}fj{\"a}ll, Kristoffer and Lenz, Reiner},
    title=			{Unbiased decoding of biologically motivated visual feature descriptors},
    journal=		{Frontiers in Robotics and AI},
    year=			2015,
    volume=			2,
    number=			20,
    ISSN=			{2296-9144},
    doi=			{10.3389/frobt.2015.00020},
}

@article {bianco:2016,
    author = 		{Bianco, Giuseppe and Ilieva, Mihaela and Veib\"{a}ck, Clas and \"{O}fj\"{a}ll, Kristoffer and Gadomska, Alicja and Hendeby, Gustaf and Felsberg, Michael and Gustafsson, Fredrik and {\AA}kesson, Susanne},
    title =  		{Emlen-funnel experiments revisited: methods update for studying compass orientation in songbirds},
    journal = 		{Ecology and Evolution},
    year = 			2016,
    volume =		6,
    number = 		19,
    pages =			{6930--6942},
    issn = 			{2045-7758},
    doi = 			{10.1002/ece3.2383},
}

@book{stone:2014,
    author =		{Stone, Lawrence D. and Streit, Roy L. and Corwin, Thomas L. and Bell, Kristine L.},
    title =			{Bayesian Multiple Target Tracking},
    isbn =			{978-1-60807-553-9},
    year =			2014,
    edition =		{Second},
    publisher =		{Artech House},
    address = 		{Norwood, MA, USA},
}

@book{astrom:2006,
    author =		{{\AA}str{\"o}m, Karl Johan},
    title =			{Introduction to Stochastic Control Theory},
    isbn =			{978-0-486-44531-1},
    year =			2006,
    publisher =		{Dover Publications},
    address = 		{Mineola, NY, USA},
}

@book{ljung:1999,
    author =		{Ljung, Lennart},
    title =			{System Identification: Theory for the User},
    isbn =			{978-0-13-656695-3},
    year =			1999,
    publisher =		{Prentice Hall},
    address = 		{Upper Saddle River, NJ, USA},
}

@book{Gustafsson:2012,
    title =			{Statistical Sensor Fusion},
    author =		{Gustafsson, Fredrik},
    isbn =			{978-91-44-07732-1},
    year =			2012,
    edition =		{Second},
    publisher =		{Studentlitteratur},
    address = 		{Lund, Sweden},
}

@book{grewal:1993,
    title =			{Kalman Filtering: Theory and Practice},
    author =		{Grewal, Mohinder S. and Andrew, Angus P.},
    isbn =			{978-0-13-211335-9},
    year =			1993,
    publisher =		{Prentice Hall},
    address = 		{Englewood Cliffs, New Jersey, USA},
}

@ARTICLE{wahlstrom:2015, 
    author=			{N. Wahlstr{\"o}m and E. {\"O}zkan}, 
    title=			{Extended Target Tracking Using {G}aussian Processes}, 
    journal=		{IEEE Transactions on Signal Processing}, 
    year=			2015, 
    month=			aug,
    volume=			63, 
    number=			16, 
    pages=			{4165--4178},
    doi=			{10.1109/TSP.2015.2424194}, 
    ISSN=			{1053-587X}, 
}

@article{Baum:1970,
    author =		{Baum, Leonard E. and Petrie, Ted and Soules, George and Weiss, Norman},
    title = 		{A Maximization Technique Occurring in the Statistical Analysis of Probabilistic Functions of {M}arkov Chains},
    journal = 		{The Annals of Mathematical Statistics},
    year = 			1970,
    month =		 	feb,
    volume = 		41,
    number = 		1,
    pages = 		{164--171},
    doi = 			{10.1214/aoms/1177697196},
    publisher = 	{The Institute of Mathematical Statistics},
}

%1999
@INPROCEEDINGS{Bergman:1999,
    author=			{N. Bergman and F. Gustafsson}, 
    title = 		{Three Statistical Batch Algorithms for Tracking Manoeuvring Targets},
    booktitle=		{Proceedings of the 1999 European Control Conference}, 
    year=			1999, 
    month=			aug,
    pages= 			{3082--3087},
    address=		{Karlsruhe, Germany},
}

%23rd
@INPROCEEDINGS{Blom:1984, 
    author=			{H. A. P. Blom}, 
    title=			{An efficient filter for abruptly changing systems}, 
    booktitle=		{Proceedings of the 23rd IEEE Conference on Decision and Control}, 
    year=			1984,  
    month=			dec,
    pages=			{656--658}, 
    address=		{Las Vegas, NV, USA},
    doi=			{10.1109/CDC.1984.272089},
}

%2016
@INPROCEEDINGS{ceragioli:2016,
    author=			{Ceragioli, F. and Lindmark, G. and Veib{\"a}ck, C. and Wahlstr{\"o}m, N. and Lindfors, M. and Altafini, C.},
    title=			{A Bounded Confidence Model That Preserves the Signs of the Opinions},
    booktitle=		{Proceedings of the 2016 European Control Conference},
    year=			2016,
    month=			jun,
    address=		{Aalborg, Denmark},
}

%5:e
@INPROCEEDINGS{gunnarsson:2016, 
    author=			{Gunnarsson, S. and Jung, Y. and Veib{\"a}ck, C. and Glad, T.}, 
    title=			{{IO} (Implement and Operate) First --- An Alternative Way to Approach the Automatic Control Subject}, 
    booktitle=		{Proceedings of 5:e Utvecklingskonferensen f{\"o}r Sveriges ingenj{\"o}rsutbildningar}, 
    year=			2016,
    month=			feb,
    address=		{Uppsala, Sweden},
}

%CHECK PUBLISHER, SERIES, VOLUME
%, Inc.

@book{bar-shalom:1988,
    title=			{Tracking and Data Association},
    author=			{Bar-Shalom, Y. and Fortmann, T.E.},
    isbn=			{978-0-12-079760-8},
    year=			1988,
    publisher=		{Academic Press},
    address=		{San Diego, CA, USA},
    volume_=		179,
	series_= 		{Mathematics in Science and Engineering Series},
}

@ARTICLE{granstrom1:2012, 
    author=			{K. Granstr\"{o}m and U. Orguner}, 
    journal=		{IEEE Transactions on Signal Processing}, 
    title=			{A {PHD} Filter for Tracking Multiple Extended Targets Using Random Matrices}, 
    year=			2012, 
    month=			nov,
    volume=			60, 
    number=			11, 
    pages=			{5657--5671},
    doi=			{10.1109/TSP.2012.2212888}, 
    ISSN=			{1053-587X},
}

@ARTICLE{gilholm:2005, 
    author=			{K. Gilholm and D. Salmond}, 
    title=			{Spatial distribution model for tracking extended objects}, 
    journal=		{IEE Proceedings - Radar, Sonar and Navigation}, 
    year=			2005, 
    month=			oct,
    volume=			152, 
    number=			5, 
    pages=			{364--371},
    doi=			{10.1049/ip-rsn:20045114}, 
    ISSN=			{1350-2395},
}

%2009
@INPROCEEDINGS{baum:2009, 
    author=			{M. Baum and U. D. Hanebeck}, 
    title=			{Random hypersurface models for extended object tracking}, 
    booktitle=		{Proceedings of the IEEE International Symposium on Signal Processing and Information Technology}, 
    year=			2009, 
    month=			dec,
    pages=			{178--183},
    ISSN=			{2162-7843}, 
    doi=			{10.1109/ISSPIT.2009.5407526}, 
    address=		{Ajman, UAE},
}

%14th
%pages=			{1--8},
@INPROCEEDINGS{granstrom:2011, 
    author=			{K. Granstr\"{o}m and C. Lundquist and U. Orguner}, 
    booktitle=		{Proceedings of the 14th International Conference on Information Fusion}, 
    title=			{Tracking rectangular and elliptical extended targets using laser measurements}, 
    year=			2011, 
    month=			jul,
    address=		{Chicago, IL, USA},
}

@ARTICLE{koch:2008, 
    author =		{J. W. Koch}, 
    title =			{Bayesian approach to extended object and cluster tracking using random matrices}, 
    journal =		{IEEE Transactions on Aerospace and Electronic Systems}, 
    year =			2008, 
    month =			jul,
    volume =		44, 
    number =		3, 
    pages =			{1042--1059}, 
    ISSN =			{0018-9251}, 
}

%CHECK PUBLISHER
@book{gelman:2014,
    title=			{Bayesian Data Analysis},
    author=			{Gelman, A. and Carlin, J.B. and Stern, H.S. and Dunson, D.B. and Vehtari, A. and Rubin, D.B.},
    year=			2014,
    edition=		{Third},
    isbn=			{978-1-4398-4095-5},
    publisher=		{CRC Press},
    address=		{Boca Raton, FL, USA},
    series_=		{Chapman \& Hall/CRC Texts in Statistical Science},
}

@article{hannah:1996,
    author = 		{John Hannah},
    title = 		{A Geometric Approach to Determinants},
    journal = 		{The American Mathematical Monthly},
    year = 			1996,
    month =			may,
    volume = 		103,
    number = 		5,
    pages = 		{401--409},
    publisher = 	{Mathematical Association of America},
    ISSN = 			{0002-9890},
    doi	=			{10.2307/2974931}
}

%, Inc.
%    publisher=		{John Wiley \& Sons},
@book{bar-shalom:2004,
    author=			{Bar-Shalom, Y. and Li, X.R. and Kirubarajan, T.},
    title=			{Estimation with Applications to Tracking and Navigation: Theory Algorithms and Software},
    year=			2004,
    isbn=			{978-0-471-46521-8},
    publisher=		{Wiley},
    address =		{New York, NY, USA},
    
}

%, Inc.
@book{mahler:2007,
    author = 		{Mahler, R. P. S.},
    title = 		{Statistical Multisource-Multitarget Information Fusion},
    year =  		2007,
    isbn = 			{978-1-59693-092-6},
    publisher = 	{Artech House},
    address = 		{Norwood, MA, USA},
} 

@ARTICLE{bar-shalom:2007, 
    author=			{Y. Bar-Shalom and S. S. Blackman and R. J. Fitzgerald}, 
    title=			{Dimensionless score function for multiple hypothesis tracking}, 
    journal=		{IEEE Transactions on Aerospace and Electronic Systems}, 
    year=			2007, 
    month=			jan,
    volume=			43, 
    number=			1, 
    pages=			{392--400}, 
    doi=			{10.1109/TAES.2007.357141}, 
    ISSN=			{0018-9251}, 
}

@book{bar-shalom:1995,
    author=			{Bar-Shalom, Y. and Li, X. R.},
    title=			{Multitarget-multisensor Tracking: Principles and Techniques},
    year=			1995,
    isbn=			{978-0-9648312-0-9},
    publisher=		{YBS Publishing},
    address=		{Storrs, CT, USA}
}

@article{wald:1945,
    author = 		{A. Wald},
    title = 		{Sequential Tests of Statistical Hypotheses},
    journal = 		{The Annals of Mathematical Statistics},
    year = 			1945,
    month =			jun,
    volume = 		16,
    number = 		2,
    pages = 		{117--186},
    ISSN = 			{0003-4851},
}

@book{blackman:1986,
    title=			{Multiple-target Tracking with Radar Applications},
    author=			{Blackman, S. S.},
    year=			1986,
    isbn=			{978-0-89006-179-4},
    publisher=		{Artech House},
    address=		{Norwood, MA, USA},
}

@ARTICLE{kuhn:1955,
    author = 		{H. W. Kuhn},
    title = 		{The {H}ungarian method for the assignment problem},
    journal = 		{Naval Research Logistics Quarterly},
    year = 			1955,
    month = 		mar,
    volume = 		2,
    number =		{1-2},
    pages = 		{83--97},
    doi = 			{10.1002/nav.3800020109},
}

@ARTICLE{jonker:1979,
    author = 		{Jonker, R. and Volgenant, A.},
    title = 		{A shortest augmenting path algorithm for dense and sparse linear assignment problems},
    journal = 		{Computing},
    year = 			1987,
    month =			dec,
    volume = 		38,
    number =		4,
    pages = 		{325--340},
    issn=			{1436-5057},
    doi=			{10.1007/BF02278710},
}

@ARTICLE{bertsekas:1990,
    author = 		{Bertsekas, D. P.},
    title = 		{The Auction algorithm for assignment and other network flow problems: A tutorial},
    journal = 		{Interfaces},
    year = 			1990,
    month =			jul,
    volume = 		20,
    number =		4,
    pages = 		{133--149},
    issn =			{0092-2102},
}

@book{bertsekas:1991,
    author=			{Bertsekas, D.P.},
    title=			{Linear Network Optimization: Algorithms and Codes},
    year=			1991,
    isbn=			{978-0-262-02334-4},
    publisher=		{MIT Press},
    address=		{Cambridge, MA, USA},
}

@inproceedings{castanon:1992,
    author = 		{Castan{\'o}n, D. A.},
    title = 		{New assignment algorithms for data association},
    booktitle =		{Proceedings of SPIE},
    year = 			1992,
    month = 		aug,
    volume = 		{1698},
    pages =  		{313--323},
    doi = 			{10.1117/12.139398},
}

@article{drummond:1990,
    author=			{Drummond, O. E. and Castan{\'o}n, D. A. and Bellovin, M. S.},
    title=			{Comparison of {2-D} assignment algorithms for sparse, rectangular, floating point, cost matrices},
    journal=		{Journal of the SDI Panels on Tracking},
    year=			1990,
    month=			dec,
    volume=			4,
    pages=			{81--97},
}

@ARTICLE{cox:1996, 
    author=			{I. J. Cox and S. L. Hingorani}, 
    title= 			{An efficient implementation of {R}eid's multiple hypothesis tracking algorithm and its evaluation for the purpose of visual tracking}, 
    journal= 		{IEEE Transactions on Pattern Analysis and Machine Intelligence}, 
    year=			1996, 
    month=			feb,
    volume=			18, 
    number=			2, 
    pages=			{138--150},
    doi=			{10.1109/34.481539}, 
    ISSN=			{0162-8828}, 
}

@ARTICLE{cox:1995, 
    author=			{I. J. Cox and M. L. Miller}, 
    title=			{On finding ranked assignments with application to multitarget tracking and motion correspondence}, 
    journal=		{IEEE Transactions on Aerospace and Electronic Systems}, 
    year=			1995, 
    month=			jan,
    volume=			31, 
    number=			1, 
    pages=			{486--489}, 
    doi=			{10.1109/7.366332}, 
    ISSN=			{0018-9251}, 
}

@ARTICLE{murty:1968, 
    author=			{Murty, Katta G.}, 
    title=			{An algorithm for ranking all the assignments in order of increasing cost}, 
    journal=		{Operations Research}, 
    year=			1968, 
    month=			may,
    volume=			16,
    number=			3,
    pages=			{682--687},
    doi=			{10.1287/opre.16.3.682}
}


@article{bar-shalom:1975,
    author = 		{Bar-Shalom, Y. and Tse, E.},
    title = 		{Tracking in a Cluttered Environment with Probabilistic Data Association},
    journal = 		{Automatica},
    year = 			1975,
    month = 		sep,
    volume = 		11,
    number = 		5,
    pages = 		{451--460},
    issn = 			{0005-1098},
    doi = 			{10.1016/0005-1098(75)90021-7},
} 

@article{fortmann:1983,
    author = 		{T. Fortmann and Y. Bar-Shalom and M. Scheffe},
    title = 		{Sonar tracking of multiple targets using joint probabilistic data association},
    journal = 		{IEEE Journal of Oceanic Engineering},
    year = 			1983,
    month =			jul,
    volume = 		8,
    number = 		3,
    pages = 		{173--184},
    doi = 			{10.1109/JOE.1983.1145560},
    issn=			{0364-9059},
}

%publisher=		{Springer-Verlag New York},
@book{nocedal:2006,
    title=			{Numerical Optimization},
    author=			{Nocedal, J. and Wright, S.},
    isbn=			{978-0-387-30303-1},
    year=			2006,
    edition=		{Second},
    publisher=		{Springer},
    address=		{New York, NY, USA},
}
%series=			{Springer Series in Operations Research and Financial Engineering},

@ARTICLE{vo:2013, 
    author=			{B. T. Vo and B. N. Vo}, 
    title=			{Labeled Random Finite Sets and Multi-Object Conjugate Priors}, 
    journal=		{IEEE Transactions on Signal Processing}, 
    year=			2013,  
    month=			jul,
    volume=			61, 
    number= 		13, 
    pages=			{3460-3475}, 
    doi=			{10.1109/TSP.2013.2259822}, 
    ISSN=			{1053-587X},
}

@inproceedings{ballantyne:2000,
    author = 		{Ballantyne, David J. and Chan, Hubert Y. and Kouritzin, Michael A.},
    title = 		{Novel branching particle method for tracking},
    booktitle =		{Proceedings of SPIE},
    year = 			{2000},
    volume = 		4048,
    pages = 		{277--287},
    doi = 			{10.1117/12.391984},
}

@article{gordon:1993,
    author = 		{Gordon, N. J. and Salmond, D. J. and Smith, A. F. M.},
    title = 		{Novel approach to nonlinear/non-{G}aussian {B}ayesian state estimation},
    booktitle = 	{Radar and Signal Processing, IEE Proceedings F},
    journal = 		{IEE Proceedings on Radar and Signal Processing, },
    issn = 			{0956-375X},
    year = 			{1993},
    month = 		apr,
    volume = 		140,
    number = 		2,
    pages = 		{107--113},
}

@ARTICLE{tugnait:1982, 
    author=			{J. Tugnait}, 
    journal=		{IEEE Transactions on Automatic Control}, 
    title=			{Adaptive estimation and identification for discrete systems with Markov jump parameters}, 
    year=			1982, 
    month=			oct,
    volume=			27, 
    number=			5, 
    pages=			{1054--1065},
    doi=			{10.1109/TAC.1982.1103061}, 
    ISSN=			{0018-9286}, 
}

@misc{smartsavannah:2016,
    key = 			{Smart Savannahs},
    howpublished = 		 {\url{http://wildlifesecurity.se/smart-savannahs/}},
    note =			{Accessed: 2016-10-17},
}

@ELECTRONIC{ngulia:2016,
    title =			{Project Ngulia},
    url =			{http://www.projectngulia.org/},
    year =			{2016},
}













%%% Dolphins
@inproceedings{friedman:2014,
    author =		{W. Friedman and S. Potter and E. Hutchins and C. Johnson and M. Krtzen and R. Connor},
    title = 		{Three aerial technologies for recording subsurface behaviors among wild bottlenose dolphins ({T}ursiops sp.)},
    booktitle =		{Proceedings of the 20th Biennial Conference on Marine Mammals},
    year =			2014,
    address = 		{Dunedin, New Zealand},
}

@inproceedings{friedman:1997,
    author = 		{Friedman, Nir and Russell, Stuart},
    title = 		{Image Segmentation in Video Sequences: A Probabilistic Approach},
    booktitle = 	{Proceedings of the Thirteenth Conference on Uncertainty in Artificial Intelligence},
    year = 			1997,
    pages = 		{175--181},
    address = 		{Providence, Rhode Island},
} 

@article{candes:2011,
    author = 		{Cand\`{e}s, Emmanuel J. and Li, Xiaodong and Ma, Yi and Wright, John},
    title = 		{Robust Principal Component Analysis?},
    journal = 		{J. ACM},
    year = 			2011,
    month =			may,
    volume = 		58,
    number = 		3,
    issn = 			{0004-5411},
    pages = 		{11:1--11:37},
    doi = 			{10.1145/1970392.1970395},
} 


@inproceedings{zhang:2012,
    author = 		{Zhang, Kaihua and Zhang, Lei and Yang, Ming-Hsuan},
    title = 		{Real-time Compressive Tracking},
    booktitle = 	{Proceedings of the 12th European Conference on Computer Vision},
    year = 			2012,
    pages = 		{864--877},
    address = 		{Florence, Italy},
    doi = 			{10.1007/978-3-642-33712-3\_62},
} 

@article{herzing:1996,
    author =		{Herzing, Denise L.},
    title = 		{Vocalizations and associated underwater behavior of free-ranging {A}tlantic spotted dolphins, {S}tenella frontalis and bottlenose dolphins, {T}ursiops truncatus},
    journal =		{Aquatic Mammals},
    year =			1996,
    volume =		22,
    number =		2,
    pages =			{61--79},
    issn =			{0167-5427},
}

@inproceedings{boom:2012,
    author =		{Boom, B. J. and Huang, P. X. and Spampinato, C. and Palazzo, S. and He, J. and Beyan, C. and Beauxis-Aussalet, E.M.A.L. and van Ossenbruggen, J. and Nadarajan, G. and Chen-Burger, J. Y. and Giordano, D. and Lynda Hardman and Lin, F.-P. and Fisher, R. B.},
    title = 		{Long-term underwater camera surveillance for monitoring and analysis of fish populations},
    booktitle =		{Proceedings of the Workshop on Visual Observation and Analysis of Animal and Insect Behavior},
    year =			2012,
    month =			nov,
    pages =			{1--4},
    address =		{Tsukuba, Japan},
}

%%% Birds

@book{hansson:2014,
    editor =		{Hansson, Lars-Anders and {\AA}kesson, Susanne},
    title =			{Animal Movement Across Scales},
    year =			2014,
    isbn =			{978-0-19-967718-4},
    publisher =		{Oxford University Press},
    address =		{Oxford, UK},
}

@article{emlen:1966,
    author =		{Emlen, S. T. and Emlen, J. T.},
    title =			{A technique for recording migratory orientation of captive birds},
    journal =		{Auk},
    year =			1966,
    month =			jul,
    volume =		83,
    number =		3,
    pages =			{361--367},
    doi =			{10.2307/4083048},
}

@incollection{emlen:1975,
    author =		{Emlen, S. T.},
    title = 		{Migration: orientation and navigation},
    editor = 		{Farner, Donald S.  and King, James R.},
    booktitle = 	{Avian Biology},
    publisher = 	{Academic Press},
    address = 		{Amsterdam, Netherlands},
    year = 			1975,
    pages = 		{129--219},
    isbn =			{978-0-12-249405-5},
}

%editor=			{Berthold, P.},
@Inbook{wiltschko:1991,
    author=			{Wiltschko, Wolfgang and Wiltschko, Roswitha},
    title=			{Magnetic Orientation and Celestial Cues in Migratory Orientation},
    bookTitle=		{Orientation in Birds},
    year=			1991,
    publisher=		{Birkh{\"a}user Basel},
    address=		{Basel, Switzerland},
    pages=			{16--37},
    isbn=			{978-3-0348-7208-9},
}

@article{mouritsen:1998,
    author = 		{Henrik Mouritsen},
    title = 		{Redstarts, Phoenicurus phoenicurus, can orient in a true-zero magnetic field},
    journal = 		{Animal Behaviour},
    year = 			1998,
    volume = 		55,
    number = 		5,
    pages = 		{1311--1324},
    issn = 			{0003-3472},
    doi = 			{10.1006/anbe.1997.0696},
}

@article{walraff:1978,
    author =		{Wallraff, Hans G. and Gelderloos, O. G.},
    title =			{Experiments on Migratory Orientation of Birds with Simulated Stellar Sky and Geomagnetic Field: Method and Preliminary Results},
    journal =		{Oikos},
    year =			{1978},
    volume =		30,
    number =		2,
    pages =			{207--215},
    doi =			{10.2307/3543480},    
    }

@article{mouritsen:2004,
    author = 		{Henrik Mouritsen and Gesa Feenders and Miriam Liedvogel and Wiebke Kropp},
    title = 		{Migratory Birds Use Head Scans to Detect the Direction of the Earth's Magnetic Field},
    journal = 		{Current Biology},
    year = 			2004,
    volume = 		14,
    number = 		21,
    pages = 		{1946--1949},
    issn = 			{0960-9822},
    doi = 			{10.1016/j.cub.2004.10.025},
}

@article {muheim:2014,
    author = 		{Muheim, Rachel and Henshaw, Ian and Sjöberg, Sissel and Deutschlander, Mark E.},
    title = 		{BirdOriTrack: a new video-tracking program for orientation research with migratory birds},
    journal = 		{Journal of Field Ornithology},
    year = 			2014,
    volume = 		85,
    number = 		1,
    pages = 		{91--105},
    issn = 			{1557-9263},
    doi = 			{10.1111/jofo.12053},
}


%% Savannah

@article{vermeulen:2013,
    author = 		{Vermeulen, Cédric AND Lejeune, Philippe AND Lisein, Jonathan AND Sawadogo, Prosper AND Bouché, Philippe},
    journal = 		{PLoS ONE},
    title = 		{Unmanned Aerial Survey of Elephants},
    year = 			2013,
    month = 		feb,
    volume = 		8,
    number = 		2,
    doi = 			{10.1371/journal.pone.0054700},
}

@article{martin:2012,
    author = 		{Martin, Julien AND Edwards, Holly H. AND Burgess, Matthew A. AND Percival, H. Franklin AND Fagan, Daniel E. AND Gardner, Beth E. AND Ortega-Ortiz, Joel G. AND Ifju, Peter G. AND Evers, Brandon S. AND Rambo, Thomas J.},
    journal = 		{PLoS ONE},
    title = 		{Estimating Distribution of Hidden Objects with Drones: From Tennis Balls to Manatees},
    year = 			2012,
    month = 		jun,
    volume = 		7,
    number = 		6,
    doi = 			{10.1371/journal.pone.0038882},
}

@inproceedings{israel:2011,
    author = 		{Israel, M.},
    title = 		{A {UAV}-Based ROE Deer Fawn Detection System},
    booktitle = 	{The International Archives of the Photogrammetry, Remote Sensing and Spatial Information Sciences},
    year = 			2011,
    month = 		sep,
    volume = 		3822,
    pages = 		{51--55},
    address =		{Zurich, Switzerland},
    doi = 			{10.5194/isprsarchives-XXXVIII-1-C22-51-2011},
}

@article {jones:2006,
    author = 		{Jones {IV}, George Pierce and Pearlstine, Leonard G. and Percival, H. Franklin},
    title = 		{An Assessment of Small Unmanned Aerial Vehicles for Wildlife Research},
    journal = 		{Wildlife Society Bulletin},
    year = 			2006,
    volume = 		34,
    number = 		3,
    issn = 			{1938-5463},
    doi = 			{10.2193/0091-7648(2006)34[750:AAOSUA]2.0.CO;2},
    pages = 		{750--758},
}

@article {watts:2010,
    author = 		{Watts, Adam C. and Perry, John H. and Smith, Scot E. and Burgess, Matthew A. and Wilkinson, Benjamin E. and Szantoi, Zoltan and Ifju, Peter G. and Percival, H. Franklin},
    title = 		{Small Unmanned Aircraft Systems for Low-Altitude Aerial Surveys},
    journal = 		{Journal of Wildlife Management},
    year = 			2010,
    volume = 		74,
    number = 		7,
    issn = 			{0022-541X},
    doi = 			{10.2193/2009-425},
    pages = 		{1614--1619},
}

%editor=			{Agapito, Lourdes and Bronstein, M. Michael and Rother, Carsten},
@Inbook{vangemert:2015,
    author=			{van Gemert, Jan C. and Verschoor, Camiel R. and Mettes, Pascal and Epema, Kitso and Koh, Lian Pin and Wich, Serge},
    title=			{Nature Conservation Drones for Automatic Localization and Counting of Animals},
    bookTitle=		{Computer Vision -- ECCV 2014 Workshops, Part I},
    year=			2015,
    publisher=		{Springer International Publishing},
    address=		{Cham, Switzerland},
    pages=			{255--270},
    isbn=			{978-3-319-16178-5},
    doi=			{10.1007/978-3-319-16178-5\_17},
}

@article{mulero:2014,
    author = 		{Mulero-P{\'a}zm{\'a}ny, Margarita AND Stolper, Roel AND van Essen, L. D. AND Negro, Juan J. AND Sassen, Tyrell},
    title = 		{Remotely Piloted Aircraft Systems as a Rhinoceros Anti-Poaching Tool in Africa},
    journal = 		{PLoS ONE},
    year = 			2014,
    month = 		jan,
    volume = 		9,
    number = 		1,
    doi = 			{10.1371/journal.pone.0083873}
}


@Article{gonzalez:2016,
    author = 		{Gonzalez, Luis F. and Montes, Glen A. and Puig, Eduard and Johnson, Sandra and Mengersen, Kerrie and Gaston, Kevin J.},
    title = 		{Unmanned Aerial Vehicles ({UAV}s) and Artificial Intelligence Revolutionizing Wildlife Monitoring and Conservation},
    journal = 		{Sensors},
    year = 			2016,
    month =			jan,
    volume = 		16,
    number = 		1,
    pages = 		{97--114},
    issn = 			{1424-8220},
    doi = 			{10.3390/s16010097}
}




