
% --- JOURNALS ---
@STRING{J_AUT         		= {Automatica}}
@STRING{J_IF 				= {Information Fusion}}

@STRING{J_CL 				= {IEEE Communications Letters}}
@STRING{J_CSM 				= {IEEE Control Systems Magazine}}
@STRING{J_CSL 				= {IEEE Control Systems Letters}}
@STRING{J_SPL 				= {IEEE Signal Processing Letters}}
@STRING{J_TAC 				= {IEEE Transactions on Automatic Control}}
@STRING{J_TAES        		= {IEEE Transactions on Aerospace and Electronic Systems}}
@STRING{J_TASSP        		= {IEEE Transactions on Acoustics, Speech, and Signal Processing}}
@STRING{J_TCOM        		= {IEEE Transactions on Communications}}
@STRGIN{J_TITS 				= {IEEE Transactions on Intelligent Transportation Systems}}
@STRING{J_TKDE 				= {IEEE Transactions on Knowledge and Data Engineering}}
@STRING{J_TRO 				= {IEEE Transactions on Robotics}}
@STRING{J_TSMC 				= {IEEE Transactions on Systems, Man, and Cybernetics: Systems}}
@STRING{J_TSP 				= {IEEE Transactions on Signal Processing}}


% --- CONFERENCES ---
@STRING{PROC                = {Proceedings of the }}

@STRING{IEEE_C_AERO 		= {{IEEE} Aerospace Conference}}
@STRING{IEEE_C_CDC 			= {{IEEE} Conference Decision and Control}}
@STRING{IEEE_C_FUSION       = {{IEEE} International Conference on
                             Information Fusion}}
@STRING{IEEE_C_IECON 		= {Annual Conference of the {IEEE} Industrial Electronics Society}}
@STRING{IEEE_C_MFI          = {{IEEE} International Conference on Multisensor Fusion and Integration}}
@STRING{IEEE_C_RADARCONF   	= {{IEEE} Radar Conference}}
@STRING{IEEE_C_OCEANS   	= {{IEEE} OCEANS}}


@STRING{C_ACC         		= {American Control Conference}}
@STRING{C_IFAC 				= {Triennial {IFAC} World Congress}}






% -------------------------------------------------------------------
% --- FORSLING ------------------------------------------------------
% -------------------------------------------------------------------
@phdthesis{Forsling2020Lic,
    author  	= {Robin Forsling},
    title   	= {Decentralized Estimation Using Conservative Information Extraction},
    school  	= {Link\"{o}ping University},
    year    	= {2020},
    month   	= dec,
    address 	= {Link\"{o}ping, Sweden},
    type    	= {{Licentiate Thesis No. 1897}},
}

@phdthesis{Forsling2023Phd,
  	author 		= {Robin Forsling},
  	title 		= {The Dark Side of Decentralized Target Tracking: {U}nknown Correlations and Communication Constraints},
  	school  	= {Link\"{o}ping University},
  	year 		= {2023},
  	month 		= nov,
  	address 	= {Link\"{o}ping, Sweden},
  	type 		= {{Dissertations. No. 2359}},
}

@article{Forsling2022TSP,
    author  	= {Robin Forsling and Anders Hansson and Fredrik Gustafsson and Zoran Sjanic and Johan L\"{o}fberg and Gustaf Hendeby},
    journal 	= J_TSP,
    title   	= {Conservative Linear Unbiased Estimation Under Partially Known Covariances}, 
    volume  	= {70},
    pages   	= {3123-3135},
    year    	= {2022},
    month   	= jun,
}

@article{Forsling2023arxiv, 
    author  	= {Robin Forsling and Fredrik Gustafsson and Zoran Sjanic and Gustaf Hendeby},
    title   	= {Decentralized State Estimation In A Dimension-Reduced Linear Regression},  
    year    	= {2023},
    doi   		= {10.48550/ARXIV.2210.06947},  
    url     	= {https://arxiv.org/abs/2210.06947}, 
    publisher 	= {arXiv},    
    note    	= {Preprint, arXiv}, 
}

@article{Forsling2024CSM,
    author  	= {Robin Forsling and Benjamin Noack and Gustaf Hendeby},
    journal 	= J_CSM,
    title   	= {A Quarter-Century of Covariance Intersection: {C}orrelations Still Unknown?}, 
    note    	= {Accepted for publication in Sep. 2023. Scheduled for the Apr. 2024 issue.},
}

@inproceedings{Forsling2019Fusion,
    author  	= {Robin Forsling and Zoran Sjanic and Fredrik Gustafsson and Gustaf Hendeby},
    title   	= {Consistent Distributed Track Fusion Under Communication Constraints},
    crossref 	= {IEEE:C:FUSION:2019},
}

@inproceedings{Forsling2020Fusion,
    author  	= {Robin Forsling and Zoran Sjanic and Fredrik Gustafsson and Gustaf Hendeby},
    title   	= {Communication Efficient Decentralized Track Fusion Using Selective Information Extraction},
    crossref 	= {IEEE:C:FUSION:2020},
}

@inproceedings{Forsling2022Fusion,
    author  	= {Robin Forsling and Zoran Sjanic and Fredrik Gustafsson and Gustaf Hendeby},
    title   	= {Optimal Linear Fusion of Dimension-Reduced Estimates Using Eigenvalue Optimization},
    crossref 	= {IEEE:C:FUSION:2022},
}

@inproceedings{Forsling2023Aero,
    author  	= {Robin Forsling and Fredrik Gustafsson and Zoran Sjanic and Gustaf Hendeby},
    title   	= {Decentralized Data Fusion of Dimension-Reduced Estimates Using Local Information Only},
    year    	= 2023,
    crossref 	= {IEEE:C:AERO}
}

@inproceedings{Bosser2023Oceans,
    author 		= {Daniel Boss\'{e}r and Robin Forsling and Isaac Skog and Gustaf Hendeby and Magnus Lundberg Nordenvaad},
    title 		= {Underwater Environment Modeling for Passive Sonar Track-Before-Detect}, 
    crossref 	= {IEEE:C:OCEANS:2023},
}

@inproceedings{Matousek2023ACC,
    author 		= {Jakub Matou\v{s}ek and Jind\v{r}ich Dun\'{i}k and Robin Forsling},
    title 		= {Distributed Point-Mass Filter with Reduced Data Transfer Using Copula Theory}, 
    pages 		= {1649-1654},
    crossref 	= {C:ACC:2023},
}

@inproceedings{Forsling2023Fusion,
    author  	= {Robin Forsling and Zoran Sjanic and Fredrik Gustafsson and Gustaf Hendeby},
    title   	= {Track-To-Track Association for Fusion of Dimension-Reduced Estimates},
    crossref 	= {IEEE:C:FUSION:2023},
}









% -------------------------------------------------------------------
% --- MISC ----------------------------------------------------------
% -------------------------------------------------------------------
@misc{Willner1976TN,
    author      = {Willner, Dieter and Chang, Chaw-Bing and Dunn, Keh-Ping},
    title       = {Kalman Filter Configurations for Multiple Radar Systems},
    year        = 1976,
    month       = apr,
    pages       = {1-61},
    publisher   = {Massachusetts Institute of Technology Lincoln Laboratory},
    address     = {Lexington, MA, USA},
    note        = {Technical Note},
}

@misc{Petersem2012MatrixCookbook,
    author       = {K. B. Petersen and M. S. Pedersen},
    title        = {The Matrix Cookbook},
    year         = 2012,
    month        = nov,
    publisher    = {Technical University of Denmark},
}

@manual{MOSEK,
    author      = {{MOSEK~ApS}},
    title       = {{The MOSEK optimization toolbox for MATLAB manual. Version 9.2.}},
    year        = 2021,
    url         = {http://docs.mosek.com/9.2/toolbox/index.html},
}










% -------------------------------------------------------------------
% --- BOOKS ---------------------------------------------------------
% -------------------------------------------------------------------
@book{Jazwinski1970,
  	author 		= {Jazwinski, {Andrew H.}},
  	title 		= {Stochastic processes and filtering theory},
  	publisher 	= {Academic Press},
  	year 		= 1970,
   	address 	= {New York, NY, USA}, 
}

@book{Rao1973,
    author      = {Rao, C. Radhakrishna},
    title       = {Linear Statistical Inference and its Applications},
    edition     = 2,
    publisher   = {John Wiley \& Sons, Ltd},
    address     = {New York, NY, USA},
    year        = 1973, 
}

@book{Stewart1990, 
    author      = {Stewart, G. W. and Sun, Ji-Guang}, 
    title       = {Matrix Perturbation Theory}, 
    publisher   = {Academic Press},
    address     = {Boston, MA, USA}, 
    year        = 1990, 
}

@book{Kay1993Est,
    author      = {Kay, Steven M.},
    title       = {Fundamentals of Statistical Signal Processing: Estimation theory},
    series      = {Fundamentals of Statistical Signal Processing},
    year        = {1993},
    address     = {Upper Saddle River, NJ, USA},
    publisher   = {Prentice Hall}
}

@book{Toh1997WANET,
	author 		= {Chai Keong Toh},
	title 		= {Wireless {ATM} and Ad-Hoc Networks: {P}rotocols and Architectures},
	publisher	= {Springer-Verlag},
	address 	= {New York, NY, USA},
	year 		= 1997,
}

@book{Parlett1998,
    author      = {Parlett, Beresford N.},
    title       = {The Symmetric Eigenvalue Problem},
    publisher   = {Society for Industrial and Applied Mathematics},
    year        = {1998},
    address     = {Philadelphia, PA, USA},    
}

@book{Blackman1999MTS,
	author 		= {Blackman, Samuel S. and Popoli, Robert},
    title       = {Design and analysis of modern tracking systems},
	publisher 	= {Artech House},
	year 		= 1999,
	address 	= {Norwood, MA, USA},
}

@book{Kailath2000,
    author      = {Kailath, Thomas and Sayed, Ali H. and Hassibi, Babak},
    title       = {Linear Estimation},
    publisher   = {Prentice Hall},
    address     = {Upper Saddle River, NJ, USA},
    year        = {2000},
}

@book{Bar-Shalom2001,
	author 		= {Bar-Shalom, Yaakov and Li, Xiao-Rong and Kirubarajan, T.},
    title       = {Estimation with Applications to Tracking and Navigation},
	year 		= {2001},
	publisher 	= {John Wiley \& Sons, Ltd},
	address 	= {New York, NY, USA},
}

@book{Bar-Shalom2004,
    author      = {Bar-Shalom, Yaakov and Li, X.R. and Kirubarajan, T.},
    title       = {Estimation with Applications to Tracking and Navigation: Theory Algorithms and Software},
    year        = 2004,
    publisher   = {John Wiley \& Sons, Ltd},
    address     = {New York, NY, USA},
}

@book{Boyd2004,
    author      = {Boyd, Stephen and Vandenberghe, Lieven},
    title       = {Convex Optimization},
    year        = {2004},
    publisher   = {Cambridge University Press},
    address     = {New York, NY, USA},
} 

@book{Johnson2007AMSA,
	author		= {Johnson, R.A. and Wichern, D.W.},
    title       = {Applied Multivariate Statistical Analysis},
	edition 	= 6,
	publisher 	= {Pearson Prentice Hall},
	address 	= {Upper Saddle River, NJ, USA},
	year		= 2007,	
}

@book{Johnson2007AMSA,
    author      = {Johnson, R.A. and Wichern, D.W.},
    title       = {Applied Multivariate Statistical Analysis},  
    edition     = 6,
    publisher   = {Pearson Prentice Hall},
    address     = {Upper Saddle River, NJ, USA},
    year        = 2007, 
}

@book{Burkard2009,
    author      = {Rainer E. Burkard and Mauro Dell'Amico and Silvano Martello},
    title       = {Assignment Problems},
    publisher   = {Society for Industrial and Applied Mathematics},
    address     = {Philadelphia, PA, USA},
    year        = 2009,
}

@book{Hastie2009SL,
    author      = {Hastie, Trevor and Tibshirani, Robert and Friedman, Jerome},
    title       = {The elements of statistical learning: {D}ata mining, inference and prediction},  
    edition     = 2,
    publisher   = {Springer-Verlag},
    address     = {New York, NY, USA},
    year        = 2009
}

@book{Ben-Tal2009RO,
    author      = {Ben-Tal, Aharon and Ghaoui, Laurent El and Nemirovski, Arkadi},
    title       = {Robust Optimization},
    publisher   = {Princeton University Press},
    address     = {Princeton, NJ, USA}, 
    year        = {2009},
}

@book{Bar-Shalom2011TDF,
    author      = {Yaakov Bar-Shalom and Peter K. Willet and Xin Tian},
    title       = {Tracking and Data Fusion: A Handbook of Algorithms},
    year        = 2011,
    publisher   = {YBS Publishing},
    address     = {Storrs, CT, USA},
}

@book{Horn2012,
    author      = {Horn, Roger A. and Johnson, Charles R.},
    title       = {Matrix Analysis},
    year        = {2012},
    publisher   = {Cambridge University Press},
    address     = {New York, NY, USA},
}

@book{Golub2013,
    author      = {Golub, Gene H. and van Loan, Charles F.},
    title       = {Matrix Computations},
    edition     = 4,
    publisher   = {The Johns Hopkins University Press},
    address     = {Baltimore, MD, USA},
    year        = {2013},
}

@book{Haykin2014DCS, 
    author      = {Simon Haykin},
    title       = {Digital Communication Systems},
    edition     = 1,
    publisher   = {John Wiley \& Sons, Ltd},
    address     = {Hoboken, NJ, USA},
    year        = 2014,
}

@book{Beck2017,
    author      = {Beck, Amir},
    title       = {First-Order Methods in Optimization},
    year        = {2017},
    publisher   = {Society for Industrial and Applied Mathematics},
    address     = {Philadelphia, PA, USA},
}

@book{Gustafsson2018,
	author 		= {Gustafsson, Fredrik},
	title 		= {Statistical Sensor Fusion},
	year 		= {2018},
	publisher 	= {Studentlitteratur},
	address 	= {Lund, Sweden},
} 




% -------------------------------------------------------------------
% --- IN COLLECTION/BOOK --------------------------------------------
% -------------------------------------------------------------------
@inbook{Woodbury1950,
    author      = {Max A. {Woodbury}},
    title       = {Inverting modified matrices},
    year        = {1950},
    booktitle   = {Statistical Research Group, Memorandum Report 42},
    publisher   = {Department of Statistics, Princeton University},   
    address     = {Princeton, NJ, USA}, 
}

@incollection{Julier2009-ch14,
	author 		= {Julier, Simon J. and Uhlmann, Jeffrey K.},
	title 		= {General Decentralized Data Fusion with Covariance Intersection},
	chapter 	= 14,
	crossref 	= {LIGGINS:2009:HANDBOOK},
}

@incollection{Nicholson2012-ch2,
    author      = {David Nicholson and Steven Reece and Alex Rogers and Stephen Roberts and Nick Jennings},
    title       = {Distributed Data Fusion Overarching Design Concerns and Some New Approaches},
    chapter     = 2,
    crossref    = {HALL:2012:DISTRIBUTED},
}

@incollection{Llinas2012-ch3,
    author      = {James Llinas},
    title       = {Network-Centric Concepts: Impacts to Distributed Fusion System Design},
    chapter     = 3,
    crossref    = {HALL:2012:DISTRIBUTED},
}

@inbook{Wang2012KLT, 
    author      = {Wang, Ruye}, 
    title       = {{K}arhunen-{L}o\`{e}ve transform and principal component analysis},  
    booktitle   = {Introduction to Orthogonal Transforms: With Applications in Data Processing and Analysis},
    year        = {2012}, 
    pages       = {412–460},
    publisher   = {Cambridge University Press}, 
    address     = {Cambridge, UK},  
}








% -------------------------------------------------------------------
% --- EDITED BOOKS --------------------------------------------------
% -------------------------------------------------------------------
@book{LIGGINS:2009:HANDBOOK,
	booktitle 	= {Handbook of Multisensor Data Fusion: Theory and Practice},
	editor 		= {Liggins, Martin and Hall, David and Llinas, James},
	year 		= {2009},
	publisher 	= {CRC Press},
	address 	= {Boca Raton, FL, USA},
}	

@book{HALL:2012:DISTRIBUTED,
    booktitle   = {Distributed Data Fusion for Network-Centric Operations},
    editor      = {Hall, David and Chong, Chee-Yee and Llinas, James and Liggins, Martin},
    year        = {2012},
    publisher   = {CRC Press},
    address     = {Boca Raton, FL, USA},
}









% -------------------------------------------------------------------
% --- ARTICLES ------------------------------------------------------
% -------------------------------------------------------------------
@article{Pearson1901PCA,
    author  	= {Karl Pearson},
    title   	= {{LIII}. {O}n lines and planes of closest fit to systems of points in space},
    journal 	= {Philosophical Magazine},
    volume  	= {2},
    number  	= {11},
    pages   	= {559-572},
    year    	= {1901},
}

@article{Wishart1928Biometrika,
    author  	= {John Wishart},
    title   	= {The Generalised Product Moment Distribution in Samples from a Normal Multivariate Population},
    journal 	= {Biometrika},
    number  	= {1/2},
    pages   	= {32-52},
    publisher 	= {Oxford University Press, Biometrika Trust},
    volume  	= {20A},
    year    	= {1928},
}

@article{Kalman1960,
    author      = {Rudolf E. {Kalman}},
    title       = {A new approach to linear filtering and prediction problems},
    journal     = {Transactions of the {ASME}--Journal of Basic Engineering},
    year        = {1960},
    volume      = {82(Series D)},
    pages       = {35-45},
}

@article{Greville1966SIAM,
    author      = {Greville, T. N. E.},
    title       = {Note on the Generalized Inverse of a Matrix Product},
    journal     = {SIAM Review},
    volume      = {8},
    number      = {4},
    pages       = {518-521},
    year        = {1966},
}


@article{Moler1973SIAM,
    author      = {C. B. Moler and G. W. Stewart},
    title       = {An Algorithm for Generalized Matrix Eigenvalue Problems},
    journal     = {SIAM Journal on Numerical Analysis},
    number      = {2},
    pages       = {241-256},
    publisher   = {Society for Industrial and Applied Mathematics},
    volume      = {10},
    year        = {1973},
}

@article{Bibby1974GMJ, 
    author      = {Bibby, John}, 
    title       = {Axiomatisations of the average and a further generalisation of monotonic sequences}, 
    volume      = {15}, 
    number      = {1}, 
    journal     = {Glasgow Mathematical Journal}, 
    publisher   = {Cambridge University Press}, 
    year        = {1974}, 
    pages       = {63–65},
}

@article{Hassan1978TAC,
    author      = {Hassan, M. and Salut, G. and Singh, M. and Titli, A.},
    title       = {A decentralized computational algorithm for the global {K}alman filter}, 
    journal     = J_TAC, 
    year        = {1978},
    volume      = {23},
    number      = {2},
    pages       = {262-268},
}

@article{Taylor1979TAC,
	author 		= {James H. {Taylor}},
    title       = {The {C}ram\'{e}r-{R}ao estimation error lower bound computation for deterministic nonlinear systems},
	journal 	= J_TAC,
	year 		= {1979},
	volume 		= {24},
	number 		= {2},
	pages 		= {343-344},
	month 		= apr,
}

@article{Reid1979TAC,
    author      = {Donald B. Reid},
    title       = {An algorithm for tracking multiple targets},
    journal     = J_TAC,
    year        = {1979},
    volume      = {24},
    number      = {6},
    pages       = {843-854},
}

@article{Speyer1979TAC,
    author      = {Speyer, Jason L.},
    title       = {Computation and transmission requirements for a decentralized linear-quadratic-{G}aussian control problem}, 
    journal     = J_TAC, 
    month       = apr,
    year        = {1979},
    volume      = {24},
    number      = {2},
    pages       = {266-269},
}

@article{Willsky1982TAC,
    author      = {Willsky, A. and Bello, M. and Castanon, D. and Levy, B. and Verghese, G.},
    title       = {Combining and updating of local estimates and regional maps along sets of one-dimensional tracks}, 
    journal     = J_TAC, 
    year        = {1982},
    volume      = {27},
    number      = {4},
    pages       = {799-813},
}

@article{Bar-Shalom1986TAES,
    author      = {Bar-Shalom, Yaakov and Campo, Leon},
    title       = {The Effect of the Common Process Noise on the Two-Sensor Fused-Track Covariance},
    journal     = J_TAES,
    year        = 1986,
    volume      = {22},
    number      = 6,
    pages       = {803-805},
    month       = Nov,
}

@article{Scharf1987TASSP,
    author      = {Scharf, L. and Tufts, D.},
    title       = {Rank reduction for modeling stationary signals}, 
    journal     = J_TASSP, 
    year        = {1987},
    volume      = {35},
    number      = {3},
    pages       = {350-355},
}

@article{Kerr1987TAES,
    author      = {Kerr, Thomas},
    title       = {Decentralized Filtering and Redundancy Management for Multisensor Navigation}, 
    journal     = J_TAES, 
    year        = {1987},
    volume      = {23},
    number      = {1},
    pages       = {83-119},
}

@article{Hashemipour1988TAC,
    author      = {Hashemipour, Hamid R. and Roy, Sumit and Laub, Alan J.},
    title       = {Decentralized Structures for Parallel {K}alman Filtering},
    journal     = J_TAC,
    year        = {1988},
    number      = {1},
    pages       = {88-94},
    volume      = {33},
}

@article{Carlson1990TAES,
    author      = {Neal A. Carlson},
    title       = {Federated Square Root Filter for Decentralized Parallel Processors},
    journal     = J_TAES,
    year        = {1990},
    month       = may,
    volume      = {26},
    issue       = {3},
    pages       = {517-525},
}

@article{Grime1994CEP,
	author 		= {Grime, Stewart H. and Durrant-Whyte, Hugh F.},
	title 		= {Data fusion in decentralized sensor networks},
	journal 	= {Control Engineering Practice},
	volume 		= {2},
	number 		= {5},
	pages 		= {849-863},
	year 		= {1994},
	month		= oct,
}

@article{Ben-Tal1998MOR,
    author      = {Ben-Tal, A. and Nemirovski, A.},
    title       = {Robust Convex Optimization},
    journal     = {Mathematics of Operations Research},
    volume      = {23},
    number      = {4},
    pages       = {769-805},
    year        = {1998},
    month       = nov,
}

@article{Anstreicher2000SIAM,
    author      = {Anstreicher, Kurt and Wolkowicz, Henry},
    title       = {On {L}agrangian Relaxation of Quadratic Matrix Constraints},
    journal     = {SIAM Journal on Matrix Analysis and Applications},
    volume      = {22},
    number      = {1},
    pages       = {41-55},
    year        = {2000},
}

@article{Sayed2001TAC,
    author      = {Sayed, Ali H.},
    title       = {A framework for state-space estimation with uncertain models}, 
    journal     = J_TAC,    
    year        = {2001},
    volume      = {46},
    number      = {7},
    pages       = {998-1013},
}

@article{Ben-Tal2002MP,
    author      = {Ben-Tal, Aharon and Nemirovski, Arkadi},
    title       = {Robust Optimization --- {M}ethodology and Applications},
    journal     = {Math. Program.},
    year        = {2002},
    month       = may,
    pages       = {453-480},
    volume      = {92},
}

@article{Chen2002TAC,
    author      = {Chen, Lingji and Arambel, Pablo and Mehra, Raman},
    title       = {Estimation Under Unknown Correlation: Covariance Intersection Revisited},
    journal     = J_TAC,
    year        = {2002},
    month       = nov,
    pages       = {1879-1882},
    volume      = {47},
}

@article{Honig2002TCOM,
    author      = {Honig, M.L. and Goldstein, J.S.},
    title       = {Adaptive reduced-rank interference suppression based on the multistage {W}iener filter}, 
    journal     = J_TCOM, 
    year        = {2002},
    volume      = {50},
    number      = {6},
    pages       = {986-994},
}

@article{Mahler2003TAES,
    author      = {Ronald P. S. Mahler},
    title       = {Multitarget {B}ayes filtering via first-order multitarget moments},
    journal     = J_TAES,
    year        = 2003,
    volume      = {39},
    number      = {4},
    pages       = {1152-1178},
}

@article{Li2003TAES,
    author      = {Li, Xiao-Rong and Jilkov, Vesselin P.},
    title       = {Survey of maneuvering target tracking. {P}art {I}. {D}ynamic models}, 
    journal     = J_TAES,
    year        = {2003},
    volume      = {39},
    number      = {4},
    pages       = {1333-1364},
}

@article{Uhlmann2003IF,
	author 		= {Jeffrey K. Uhlmann},
	title 		= {Covariance consistency methods for fault-tolerant distributed data fusion},
	journal 	= J_IF,
	volume 		= {4},
	number 		= {3},
	pages 		= {201-215},
	year 		= {2003},
	month 		= sep,
}

@article{Olfati-Saber2004TAC,
    author      = {Olfati-Saber, R. and Murray, R. M.},
    title       = {Consensus problems in networks of agents with switching topology and time-delays}, 
    journal     = J_TAC, 
    year        = {2004},
    month       = sep,
    volume      = {49},
    number      = {9},
    pages       = {1520-1533},
}

@article{Zhu2005TSP,
    author      = {Yunmin Zhu and Enbin Song and Jie Zhou and Zhisheng You},
    title       = {Optimal dimensionality reduction of sensor data in multisensor estimation fusion}, 
    journal     = J_TSP,
    year        = {2005},
    volume      = {53},
    number      = {5},
    pages       = {1631-1639},
}

@article{Smith2006TKDE,
    author      = {Duncan Smith and Sameer Singh},
    title       = {Approaches to Multisensor Data Fusion in Target Tracking: {A} Survey},
    journal     = J_TKDE,
    year        = {2006},
    volume      = {18},
    number      = {12},
    pages       = {1696-1710},
    month       = oct,
}

@article{Ribeiro2006TSP,
    author      = {Ribeiro, A. and Giannakis, G.B.},
    title       = {Bandwidth-constrained distributed estimation for wireless sensor Networks-part {I}: {G}aussian case}, 
    journal     = J_TSP, 
    year        = {2006},
    volume      = {54},
    number      = {3},
    pages       = {1131-1143},
}

@article{Schizas2007TSP,
    author      = {Schizas, Ioannis D. and Giannakis, Georgios B. and Luo, Zhi-Quan},
    title       = {Distributed Estimation Using Reduced-Dimensionality Sensor Observations}, 
    journal     = J_TSP,
    year        = {2007},
    volume      = {55},
    number      = {8},
    pages       = {4284-4299},
}

@article{Julier2007RAS,
    author      = {Simon J. Julier and Jeffrey K. Uhlmann},
    title       = {Using Covariance Intersection for {SLAM}},
    journal     = {Robotics and Autonomous Systems},
    year        = {2007},
    volume      = {55},
    number      = {1},
    pages       = {3-20},
    month       = jan,
}

@article{DeLamare2007TSP,
    author      = {de Lamare, Rodrigo C. and Sampaio-Neto, Raimundo},
    title       = {Reduced-Rank Adaptive Filtering Based on Joint Iterative Optimization of Adaptive Filters}, 
    journal     = J_SPL, 
    year        = {2007},
    volume      = {14},
    number      = {12},
    pages       = {980-983},
}

@article{Venk2007TSP,
    author      = {Venkitasubramaniam, Parvathinathan and Tong, Lang and Swami, Ananthram},
    title       = {Quantization for Maximin {ARE} in Distributed Estimation}, 
    journal     = J_TSP, 
    year        = {2007},
    volume      = {55},
    number      = {7},
    pages       = {3596-3605},
}

@article{Fang2008SPL,
    author      = {Fang, Jun and Li, Hongbin},
    title       = {Joint Dimension Assignment and Compression for Distributed Multisensor Estimation}, 
    journal     = J_SPL, 
    year        = {2008},
    volume      = {15},
    pages       = {174-177},
}

@article{Khan2008TSP,
    author      = {Khan, Usman A. and Moura, Jos\'{e} M. F.},
    title       = {Distributing the {K}alman Filter for Large-Scale Systems}, 
    journal     = J_TSP,
    year        = {2008},
    month       = oct,
    volume      = {56},
    number      = {10},
    pages       = {4919-4935},
}

@article{Fang2010TSP,
    author      = {Fang, Jun and Li, Hongbin},
    title       = {Optimal/Near-Optimal Dimensionality Reduction for Distributed Estimation in Homogeneous and Certain Inhomogeneous Scenarios}, 
    journal     = J_TSP,
    year        = {2010},
    volume      = {58},
    number      = {8},
    pages       = {4339-4353},
}

@article{Delage2010OR,
    author      = {Delage, Erick and Ye, Yinyu},
    title       = {Distributionally Robust Optimization Under Moment Uncertainty with Application to Data-Driven Problems},
    journal     = {Operations Research},
    volume      = {58},
    number      = {3},
    pages       = {595-612},
    year        = {2010},
}

@article{Amar2010TSP,
    author      = {Amar, Alon and Leshem, Amir and Gastpar, Michael},
    title       = {Recursive Implementation of the Distributed {K}arhunen-{L}o\`{e}ve Transform}, 
    journal     = J_TSP, 
    year        = {2010},
    volume      = {58},
    number      = {10},
    pages       = {5320-5330},
 }

 @article{Duan2010TSP,
    author      = {Duan, Zhansheng and Li, Xiao-Rong},
    title       = {Lossless Linear Transformation of Sensor Data for Distributed Estimation Fusion}, 
    journal     = J_TSP, 
    year        = {2011},
    volume      = {59},
    number      = {1},
    pages       = {362-372},
}  

@article{Luo2011IEEE,
    author      = {Ren C. Luo and Chih Chia Chang and Chun Chi Lai},
    title       = {Multisensor Fusion and Integration: {T}heories, Applications, and its Perspectives},
    journal     = {IEEE Sensors Journal},
    year        = {2011},
    volume      = {11},
    number      = {12},
    pages       = {3122-3138},
    month       = aug,
} 

@article{Lofberg2012OMS,
    author      = {Johan L\"{o}fberg},
    title       = {Automatic robust convex programming},
    journal     = {Optimization Methods and Software},
    volume      = {27},
    number      = {1},
    pages       = {115-129},
    year        = {2012},
    month       = feb,
    publisher   = {Taylor \& Francis},
}

@article{Msechu2012TSP,
    author      = {Msechu, Eric J. and Giannakis, Georgios B.},
    title       = {Sensor-Centric Data Reduction for Estimation With {WSN}s via Censoring and Quantization}, 
    journal     = J_TSP,
    year        = {2012},
    volume      = {60},
    number      = {1},
    pages       = {400-414},
}

@article{Hu2012TSP,
    author      = {Jinwen Hu and Lihua Xie and Cishen Zhang},
    title       = {Diffusion {K}alman Filtering Based on Covariance Intersection},
    journal     = J_TSP,
    year        = {2012},
    volume      = {60},
    number      = {2},
    pages       = {891-902},
}

@article{Khaleghi2013IF,
    author      = {Bahador Khaleghi and Alaa Khamis and Fakhreddine O. Karray and Saiedeh N. Razavi},
    title       = {Multisensor Data Fusion: {A} Review of the State-of-the-art},
    journal     = J_IF,
    year        = {2013},
    volume      = {14},
    number      = {1},
    pages       = {28-44},
    month       = jan,
}

@article{Deng2013IF,
    author      = {Deng, Zili and Zhang, Peng and Qi, Wenjuan and Yuan, Gao and Liu, Jinfang and Deng, Zili and Zhang, Peng and Qi, Wenjuan and Yuan and Gao and Liu, Jinfang},
    title       = {The Accuracy Comparison of Multisensor Covariance Intersection Fuser and Three Weighting Fusers},
    journal     = J_IF,
    year        = {2013},
    month       = apr,
    number      = {2},
    pages       = {177-185},
    volume      = {14},
}

@article{Li2013TITS,
    author      = {Hao Li and Fawzi Nashashibi and Ming Yang},
    title       = {Split Covariance Intersection Filter: {T}heory and Its Application to Vehicle Localization},
    journal     = J_TITS,
    year        = 2013,
    volume      = {14},
    number      = {4},
    pages       = {1860-1871},
    month       = dec,
}

@article{Razzaque2013ACM, 
    author      = {Razzaque, M. A. and Bleakley, Chris and Dobson, Simon}, 
    title       = {Compression in Wireless Sensor Networks: {A} Survey and Comparative Evaluation}, 
    journal     = {ACM Transactions on Sensor Networks}, 
    year        = {2013}, 
    volume      = {10}, 
    number      = {1}, 
    month       = dec,
}

@article{Yan2013AUT,
    author      = {Liping Yan and Xiao-Rong Li and Yuanqing Xia and Mengyin Fu},
    title       = {Optimal Sequential and Distributed Fusion for State Estimation in Cross-correlated Noise},
    journal     = J_AUT,
    year        = 2013,
    month       = dec,
    number      = {12},
    pages       = {3607-3612},
    volume      = {49},
}

@article{Castanedo2013TSWJ,
	author 		= {Castanedo, Federico},
	title 		= {A Review of Data Fusion Techniques},
    journal     = {The Scientific World Journal},
	year 		= {2013},
	pages 		= {1-19},
	volume 		= {2013},
}

@article{Qi2014SP,
    author      = {Wenjuan Qi and Peng Zhang and Zili Deng},
    title       = {Robust Weighted Fusion {K}alman Filters for Multisensor Time-Varying Systems With Uncertain Noise Variances},
    journal     = {Signal Processing},
    year        = {2014},
    month       = jun,
    pages       = {185-200},
    volume      = {99},
}

@article{Zhu2014IF,
    author      = {Hongyan Zhu and Qiaozhu Zhai and Mingwei Yu and Chongzhao Han},
    title       = {Estimation Fusion Algorithms in the Presence of Partially Known Cross-correlation of Local Estimation Errors},
    journal     = J_IF,
    year        = {2014},
    volume      = {18},
    pages       = {187-196},
    month       = jul,
}

@article{Reuter2014TSP,
    author      = {Reuter, Stephan and Vo, Ba-Tuong and Vo, Ba-Ngu and Dietmayer, Klaus},
    journal     = J_TSP,
    title       = {The Labeled Multi-{B}ernoulli Filter}, 
    year        = {2014},
    volume      = {62},
    number      = {12},
    pages       = {3246-3260},
 }

 @article{Vo2014TSP,
    author      = {Vo, Ba-Ngu and Vo, Ba-Tuong and Phung, Dinh},
    title       = {Labeled Random Finite Sets and the {B}ayes Multi-Target Tracking Filter}, 
    journal     = J_TSP, 
    year        = {2014},
    volume      = {62},
    number      = {24},
    pages       = {6554-6567},
}

@article{Ma2014TSP,
    author      = {Ma, Hang and Yang, Yu-Han and Chen, Yan and Liu, K. J. Ray and Wang, Qi},
    title       = {Distributed State Estimation With Dimension Reduction Preprocessing}, 
    journal     = J_TSP, 
    year        = {2014},
    volume      = {62},
    number      = {12},
    pages       = {3098-3110},
}

@article{Battistelli2015TAC,
    author      = {Battistelli, G. and Chisci, L. and Mugnai, G. and Farina, A. and Graziano, A.},
    title       = {Consensus-Based Linear and Nonlinear Filtering}, 
    journal     = J_TAC,
    year        = {2015},
    month       = sep,
    volume      = {60},
    number      = {5},
    pages       = {1410-1415},
}

@article{Reinhardt2015SPL,
    author      = {Marc {Reinhardt} and Benjamin {Noack} and Pablo O. {Arambel} and Uwe D. {Hanebeck}},
    title       = {Minimum Covariance Bounds for the Fusion under Unknown Correlations}, 
    journal     = J_SPL,
    year        = {2015},
    month       = sep,
    volume      = {22},
    number      = {9},
    pages       = {1210-1214},
}

@article{Schizas2015TSP,
    author      = {Schizas, Ioannis D. and Aduroja, Abiodun},
    title       = {A Distributed Framework for Dimensionality Reduction and Denoising}, 
    journal     = J_TSP,
    year        = {2015},
    volume      = {63},
    number      = {23},
    pages       = {6379-6394},
}

@article{Williams2015TAES,
    author      = {Jason L. Williams},
    title       = {Marginal multi-{Bernoulli} filters: {RFS} derivation of {MHT}, {JIPDA}, and data association-based member},
    journal     = J_TAES,
    volume      = {51},
    number      = {3},
    pages       = {1664-1687},
    year        = {2015},
}

@article{Wanasinghe2016JOR,
    author      = {Thumeera R. Wanasinghe and George K. I. Mann and Raymond G. Gosine},
    title       = {Decentralized Cooperative Localization Approach for Autonomous Multirobot Systems},
    journal     = {Journal of Robotics},
    year        = 2016,
    month       = apr,
}

@article{Campbell2016CSM,
    author      = {Mark E. Campbell and Nisar R. Ahmed},
    title       = {Distributed Data Fusion: {N}eighbors, Rumors, and the Art of Collective Knowledge},
    journal     = J_CSM,
    year        = {2016},
    volume      = {36},
    number      = {4},
    pages       = {83-109},
    month       = aug,
}

@article{Gao2016TSMC,
    author      = {Gao, Yongxin and Li, Xiao-Rong and Song, Enbin},
    title       = {Robust Linear Estimation Fusion With Allowable Unknown Cross-Covariance}, 
    journal     = J_TSMC, 
    year        = {2016},
    volume      = {46},
    number      = {9},
    pages       = {1314-1325},
}

@article{Noack2017AUT,
    author      = {Noack, Benjamin and Sijs, Joris and Reinhardt, Marc and Hanebeck, Uwe D.},
    title       = {Decentralized Data Fusion with Inverse Covariance Intersection},
    journal     = J_AUT,
    year        = 2017,
    volume      = 79,
    pages       = {35-41},
    month       = may
}

@article{Correa2017TSP,
    author      = {Corr\^{e}a, Gilberto Oliveira and Talavera, Alvaro},
    title       = {Competitive Robust Estimation for Uncertain Linear Dynamic Models}, 
    journal     = J_TSP, 
    year        = {2017},
    month       = sep,
    volume      = {65},
    number      = {18},
    pages       = {4847-4861},
}

@article{Bakr2017Sensors,
    author      = {Bakr, Muhammad Abu and Lee, Sukhan},
    title       = {Distributed Multisensor Data Fusion under Unknown Correlation and Data Inconsistency},
    journal     = {Sensors},
    year        = {2017},
    volume      = {17},
    number      = {11},
    pages       = {2472},
    month       = oct,
}

@article{Sun2017IF,
    author      = {Sun, Shuli and Lin, Honglei and Ma, Jing and Li, Xiuying},
    title       = {Multi-Sensor Distributed Fusion Estimation with Applications in Networked Systems: A Review Paper},
    journal     = J_IF,
    year        = {2017},
    volume      = {38},
    pages       = {122-134},
    month       = nov,
}

@article{Zhu2017TAES,
    author      = {Zhen Zhu and Clark N. Taylor},
    title       = {Conservative Uncertainty Estimation in Map-Based Vision-Aided Navigation},
    journal     = J_TAES,
    year        = {2017},
    volume      = {53},
    number      = {2},
    pages       = {941-949},
    month       = apr,
}

@article{Wu2018TAC,
    author      = {Wu, Zongze and Cai, Qianqian and Fu, Minyue},
    title       = {Covariance Intersection for Partially Correlated Random Vectors}, 
    journal     = J_TAC,
    year        = {2018},
    month       = mar,
    volume      = {63},
    number      = {3},
    pages       = {619-629},
}

@article{Zarei2018SPL,
    author      = {Zarei-Jalalabadi, Mahboubeh and Malaek, Seyed M. B. and Kia, Solmaz S.},
    title       = {A Track-to-Track Fusion Method for Tracks With Unknown Correlations},
    journal     = J_SPL,
    year        = {2018},
    volume      = {2},
    number      = {2},
    pages       = {189-194},
    month       = apr,
}

@article{Lai2019CL,
    author      = {Lai, Jun and Zhou, Yongbin and Lin, Jinmao and Cong, Yirui and Yang, Jun},
    title       = {Cooperative Localization Based on Efficient Covariance Intersection}, 
    journal     = J_CL, 
    year        = {2019},
    volume      = {23},
    number      = {5},
    pages       = {871-874},
}

@article{Klingner2019RAS,
    author      = {John Klingner and Nisar Ahmed and Nikolaus Correll},
    title       = {Fault-tolerant Covariance Intersection for localizing robot swarms},
    journal     = {Robotics and Autonomous Systems},
    volume      = {122},
    year        = {2019},
}

@article{Qui2019IF,
    author      = {Han Qiu and Meikang Qiu and Zhihui Lu and Gerard Memmi},
    title       = {An efficient key distribution system for data fusion in {V2X} heterogeneous networks},
    journal     = J_IF,
    volume      = {50},
    pages       = {212-220},
    year        = {2019},
}

@article{Fuller2020IEEE,
    author      = {Fuller, Aidan and Fan, Zhong and Day, Charles and Barlow, Chris},   
    title       = {Digital Twin: {E}nabling Technologies, Challenges and Open Research},  
    journal     = {IEEE Access},      
    year        = {2020},   
    volume      = {8},  
    pages       = {108952-108971},
}

@inproceedings{Zhang2020EMBC,
    author      = {Jia Zhang and Gaetano Scebba and Walter Karlen},
    title       = {Covariance Intersection to Improve the Robustness of the Photoplethysmogram Derived Respiratory Rate},
    booktitle   = {Proceedings of the 42nd Annual International Conference of the {IEEE} Engineering in Medicine {\&} Biology Society},
    year        = {2020},
    address     = {Montr{\'{e}}al, Canada},
    month       = jul,
}

@article{Tamjidi2021TRO,
    author      = {Amirhossein Tamjidi and Reza Oftadeh and Mohamed Naveed Gul Mohamed and Dan Yu and Suman Chakravorty and Dylan Shell},
    title       = {Unifying Consensus and Covariance Intersection for Efficient Distributed State Estimation Over Unreliable Networks},
    journal     = J_TRO,
    year        = {2021},
    month       = oct,
    volume      = {37},
    number      = {5},
}

@article{Funk2021Sensors,
    author      = {Funk, Christopher and Noack, Benjamin and Hanebeck, Uwe D.},
    title       = {Conservative Quantization of Covariance Matrices with Applications to Decentralized Information Fusion},
    journal     = {Sensors},
    volume      = {21},
    year        = {2021},
    number      = {9},      
}

@article{Lofberg-unpublished-yalmip-cc-support,
    author      = {Johan L{\"o}fberg},
    title       = {Support for robust conic-conic optimization in {YALMIP}},
    note        = {{U}npublished},
}

@article{Shin2022IET,
    author     = {Vladimir Shin and Vahid Hamdipoor and Yoonsoo Kim},
    title      = {Reduced-order multisensory fusion estimation with application to object tracking},
    journal    = {{IET} Signal Processing},
    year       = {2022},
    month      = apr,
    number     = {4},
    pages      = {463-478},
    volume     = {16},
}

@article{Wang2022TSP,
    author      = {Wang, Shixiong and Ye, Zhi-Sheng},
    title       = {Distributionally Robust State Estimation for Linear Systems Subject to Uncertainty and Outlier}, 
    journal     = J_TSP,
    year        = {2022},
    volume      = {70},
    month       = dec,
    pages       = {452-467},
}

@article{Cros2023CSL,
    author      = {Cros, Colin and Amblard, Pierre-Olivier and Prieur, Christophe and Da Rocha, Jean-François},
    title       = {Fusion of Distance Measurements Between Agents With Unknown Correlations}, 
    journal     = J_CSL, 
    year        = {2023},
    volume      = {7},
    pages       = {2143-2148},
}

@article{Dulek2023TAES,
    author      = {Dulek, Berkan and Topaloglu, Suleyman Taylan and Gezici, Sinan}, 
    title       = {Optimal Linear {MMSE} Estimation Under Correlation Uncertainty in Restricted {B}ayesian Framework},  
    journal     = J_TAES,   
    year        = {2023},   
    volume      = {59}, 
    number      = {4},  
    pages       = {4744-4752},
}

@article{Hays2023IF,
    author      = {Christopher W. Hays and Troy Henderson},
    title       = {Matrix decomposition approaches for mutual information approximation with applications to covariance intersection techniques},
    journal     = J_IF,
    volume      = {95},
    pages       = {446-453},
    year        = {2023},
}

@article{Li2023JNDI,
    author      = {Wangyan Li and Fuwen Yang},
    title       = {Information Fusion over Network Dynamics with Unknown Correlations: {A}n Overview},
    journal     = {International Journal of Network Dynamics and Intelligence},
    year        = {2023},
    month       = feb,
}













% -------------------------------------------------------------------
% --- PROCEEDINGS ---------------------------------------------------
% -------------------------------------------------------------------
@inproceedings{Chong1979,
    author      = {Chee-Yee Chong},
    title       = {Hierarchical Estimation},
    booktitle   = {Proceedings of 2nd MIT/ONR Workshop on Distributed Information and Decision Systems},
    month       = jul,
    year        = {1979},
    address     = {Monterey, CA, USA},
}

@inproceedings{Bierman1985CDC,
    author      = {Bierman, Gerald J. and Belzer, Mitchell R.},
    title       = {A decentralized square root information filter/smoother}, 
    crossref    = {IEEE:C:CDC:1985},
    pages       = {1902-1905},
}

@inproceedings{Carlson1988PLANS,
    author      = {Neal A. Carlson},
    title       = {Federated Filter for Fault-tolerant Integrated Navigation Systems},
    booktitle   = {Proceedings of the 1988 IEEE Position Location and Navigation Symposium},
    year        = {1988},
    pages       = {110-119},
    address     = {Orlando, FL, USA},
    month       = dec,
}

@inproceedings{Julier1997ACC,
	author 		= {Julier, Simon J. and Uhlmann, Jeffrey K.},
	title 		= {A non-divergent estimation algorithm in the presence of unknown correlations},
	pages 		= {2369-2373},
	crossref 	= {C:ACC:1997}
}

@inproceedings{Hanebeck2001MFI,
    author      = {Hanebeck, Uwe D. and Briechle, K. and Horn, J.}, 
    title       = {A tight bound for the joint covariance of two random vectors with unknown but constrained cross-correlation}, 
    pages       = {85-90},
    crossref    = {IEEE:C:MFI:2001},
}

@inproceedings{Li2001WorkshopETF,  
    author      = {Li, Xiao-Rong and Zhao, Zhanlue and Jilkov, Vesselin P.},
    title       = {Practical measures and test for credibility of an estimator},
    booktitle   = {Proceedings of Workshop on Estimation, Tracking and Fusion: {A} tribute to {Y}aakov {B}ar-{S}halom},   
    year        = {2001},
    month       = may,
    address     = {Monterey, CA, USA},
}

@inproceedings{Julier2001IROS,
    author      = {Simon J. Julier and Jeffrey K. Uhlmann},
    title       = {Simultaneous Localisation and Map Building Using Split Covariance Intersection},
    booktitle   = {Proceedings of the 2001 IEEE/RSJ International Conference on Intelligent Robots and Systems},
    year        = {2001},
    address     = {Maui, HI, USA},
    month       = nov,
}

@inproceedings{Benaskeur2002IECON,  
	author 		= {Abder R. {Benaskeur}},   
	title 		= {Consistent fusion of correlated data sources},   
	pages 		= {2652-2656},
	crossref 	= {IEEE:C:IECON:2002}
}

@inproceedings{Chen2002Fusion,
    author      = {Chen, Lingji and Arambel, Pablo and Mehra, Raman},
    title       = {Fusion Under Unknown Correlation: {C}ovariance Intersection as a Special Case},
    crossref    = {IEEE:C:FUSION:2002},
}

@inproceedings{McLaughlin2003ICASSP,
    author      = {McLaughlin, S. P. and Krishnamurthy, V. and Challa, S.},
    title       = {Managing Data Incest in a Distributed Sensor Network},
    booktitle   = {Proceedings of the 2003 {IEEE} International Conference on Acoustics, Speech, and Signal Processing},
    year        = {2003},
    address     = {Hong Kong, China},
    month       = apr,
}

@inproceedings{Hanebeck2003ECC,
    author      = {Uwe D. Hanebeck and Joachim Horn},
    title       = {Data Validation in the Presence of Imprecisely Known Correlations},
    booktitle   = {Proceedings of the 2003 European Control Conference},
    year        = {2003},
    address     = {Cambridge, UK},
    month       = sep,
}

@inproceedings{McLaughlin2003Fusion,
    author      = {McLaughlin, S. P. and Evans, R. J. and Krishnamurthy, V.},
    title       = {Data Incest Removal in a Survivable Estimation Fusion Architecture},
    crossref    = {IEEE:C:FUSION:2003},
}

@inproceedings{Zhang2003Fusion,
    author      = {Keshu Zhang and Li, Xiao-Rong and Peng Zhang and Haifeng Li},
    title       = {Optimal linear estimation fusion - part {VI}: {S}ensor data compression}, 
    pages       = {221-228},
    crossref    = {IEEE:C:FUSION:2003},
}

@inproceedings{Jindal2004,
    author      = {Jindal, Apoorva and Psounis, Konstantinos},
    title       = {Modeling spatially-correlated sensor network data}, 
    booktitle   = {Proceedings of the 1st IEEE Communications Society Conference on Sensor and Ad Hoc Communications and Networks}, 
    year        = {2004},
    month       = jan,
    pages       = {162-171},
    address     = {Santa Clara, CA, USA},
}

@inproceedings{Chen2004CDC,
    author      = {Huimin Chen and Keshu Zhang and Li, Xiao-Rong},
    title       = {Optimal data compression for multisensor target tracking with communication constraints}, 
    year        = {2004},
    volume      = {3},
    pages       = {2650-2655},
    crossref    = {IEEE:C:CDC:2004},
}

@inproceedings{Julier2004ACC,
    author      = {Simon J. Julier and Joseph J. {LaViola Jr.}},
    title       = {An Empirical Study into the Robustness of Split Covariance Addition {(SCA)} for Human Motion Tracking},
    crossref    = {C:ACC:2004},
}

@inproceedings{Lofberg2004CACSD,
    title       = {{YALMIP}: {A} toolbox for modeling and optimization in {MATLAB}},
    author      = {L{\"o}fberg, Johan},
    booktitle   = {Proceedings of the CACSD Conference},
    volume      = {3},
    year        = {2004},
    month       = sep,
    address     = {Taipei, Taiwan},
}

@inproceedings{Kimura2005ITCC,
	author 		= {Naoto {Kimura} and Shahram {Latifi}},
	title 		= {A survey on data compression in wireless sensor networks}, 
	booktitle 	= {Proceedings of the IEEE International Conference on Information Technology: Coding and Computing}, 
	address 	= {Las Vegas, NV, USA},
	month 		= apr,
	year 		= {2005},
	volume 		= {2},
	pages 		= {8-13},
}

@inproceedings{Xiao2005IPSN,
    author      = {Xiao, L. and Boyd, S. and Lall, S.},
    title       = {A scheme for robust distributed sensor fusion based on average consensus}, 
    booktitle   = {Proceedings of the 4th International Symposium on Information Processing in Sensor Networks}, 
    year        = {2005},
    month       = apr,
    pages       = {63-70},
}

@inproceedings{Reece2005Fusion,
    author      = {Steven Reece and Stephen Roberts},
    title       = {Robust, Low-Bandwidth, Multi-Vehicle Mapping},
    crossref    = {IEEE:C:FUSION:2005},
}

@inproceedings{Olfati-Saber2005CDC, 
    author      = {Olfati-Saber, Reza and Shamma, Jeff S.}, 
    title       = {Consensus Filters for Sensor Networks and Distributed Sensor Fusion}, 
    crossref    = {IEEE:C:CDC:2005},
    pages       = {6698-6703}, 
}

@inproceedings{Li2006Fusion,
	author 		= {Li, Xiao-Rong and Zhao, Zhanlue},
	title 		= {Measuring Estimator's Credibility: Noncredibility Index},
	crossref 	= {IEEE:C:FUSION:2006},
}

@inproceedings{Fang2008ICASSP,
    author      = {Jun Fang and Hongbin Li},
    title       = {Dimensionality reduction with automatic dimension assignment for distributed estimation}, 
    booktitle   = {Proceedings of the {IEEE} International Conference on Acoustics, Speech, and Signal Processing},
    year        = {2008},
    pages       = {2729-2732},
    address     = {Las Vegas, NV, USA},
    month       = mar,
}

@inproceedings{Zhou2008IFAC,
    title       = {Data Fusion of Unknown Correlations using Internal Ellipsoidal Approximation},
    pages       = {2856-2860},
    author      = {Yan Zhou and Jianxun Li},
    crossref    = {C:IFAC:2008}
}

@inproceedings{Tian2009Fusion,  
    author      = {Xin {Tian} and Yaakov {Bar-Shalom}},  
    title       = {Exact algorithms for four track-to-track fusion configurations: {A}ll you wanted to know but were afraid to ask},   
    pages       = {537-544},
    crossref    = {IEEE:C:FUSION:2009},
}

@inproceedings{Sijs2010ACC,
	author 		= {Sijs, Joris and Lazar, Mircea and Bosch, P. P. J. van den},
	title 		= {State fusion with unknown correlation: {E}llipsoidal intersection},
	pages 		= {3992-3997},
	crossref 	= {C:ACC:2010},
}

@inproceedings{Tian2010Fusion,
    author      = {Xin {Tian} and Yaakov {Bar-Shalom}},
    title       = {On Algorithms For Asynchronous Track-to-Track Fusion},
    crossref    = {IEEE:C:FUSION:2010},
}

@inproceedings{Govaers2010Fusion,
    author      = {Govaers, Felix and Koch, Wolfgang},
    title       = {Distributed {K}alman filter fusion at arbitrary instants of time}, 
    pages       = {1-8},
    crossref    = {IEEE:C:FUSION:2010},
}

@inproceedings{Noack2011IFAC,
    author      = {Benjamin Noack and Marcus Baum and Uwe D. Hanebeck},
    title       = {Automatic Exploitation of Independencies for Covariance Bounding in Fully Decentralized Estimation},
    crossref    = {C:IFAC:2011},
}

@inproceedings{Sijs2011Fusion,
    author      = {Sijs, Joris and Lazar, Mircea},
    title       = {Empirical case-studies of state fusion via ellipsoidal intersection},
    crossref    = {IEEE:C:FUSION:2011},
}

@inproceedings{Fang2011DSP,
    author      = {Fang, Jun and Li, Hongbin},
    title       = {Dimensionality reduction design for distributed estimation in certain inhomogeneous scenarios}, 
    booktitle   = {Proceedings of the 17th International Conference on Digital Signal Processing}, 
    year        = {2011},
    pages       = {1-6},
    address     = {Corfu, Greece},
    month       = jul,
} 

@inproceedings{Reinhardt2012MFI,  
    author      = {Marc {Reinhardt} and Benjamin {Noack} and Uwe D. {Hanebeck}},     
    title       = {The Hypothesizing Distributed {K}alman Filter},   
    year        = {2012},  
    crossref    = {IEEE:C:MFI:2012},
}

@inproceedings{Li2013ITSC,
    author      = {Hao Li and Fawzi Nashashibi and Benjamin Lefaudeux and Evangeline Pollard},
    title       = {Track-to-Track Fusion Using Split Covariance Intersection Filter-Information Matrix Filter {(SCIF-IMF)} for Vehicle Surrounding Environment Perception},
    booktitle   = {Proceedings of the 16th IEEE International Conference on Intelligent Transportation Systems},
    year        = {2013},
    address     = {Hague, Netherlands},
    month       = oct,
}

@inproceedings{Ajgl2014Fusion,
    author      = {Ji{\v{r}}{\'{i}} Ajgl and Miroslav {\v{S}}imandl and Marc Reinhardt and Benjamin Noack and Uwe D. Hanebeck},
    title       = {Covariance Intersection in State Estimation of Dynamical Systems},
    crossref    = {IEEE:C:FUSION:2014},
}

@inproceedings{Ajgl2014Fusion,
    author      = {Ji{\v{r}}{\'{i}} Ajgl and Miroslav {\v{S}}imandl and Marc Reinhardt and Benjamin Noack and Uwe D. Hanebeck},
    title       = {Covariance Intersection in State Estimation of Dynamical Systems},
    crossref    = {IEEE:C:FUSION:2014},
}

@inproceedings{Reinhardt2014CISS,
    author      = {Reinhardt, Marc and Noack, Benjamin and Hanebeck, Uwe D.},
    title       = {Reconstruction of Joint Covariance Matrices in Networked Linear Systems},
    booktitle   = {Proceedings of the 48th Annual Conference on Information Sciences and Systems},
    year        = {2014},
    address     = {Princeton, NJ, USA},
}

@inproceedings{Noack2015Fusion,
    author      = {Benjamin Noack and Simon J. Julier and Uwe D. Hanebeck},
    title       = {Treatment of Biased and Dependent Sensor Data in Graph-based {SLAM}},
    crossref    = {IEEE:C:FUSION:2015},
}

@inproceedings{Ahmed2016AIAA,
    author      = {Nisar R. Ahmed and William W. Whitacre and Sangwoo Moon and Eric W. Frew},
    title       = {Scalable Decentralized Partial State Estimation with Sensor Uncertainties Using Factorized Data Fusion},
    booktitle   = {Proceeding of the AIAA SciTech 2016 Infotech@Aerospace Conference},
    year        = 2016,
    address     = {San Diego, CA, USA},
    month       = jan,
}

@inproceedings{Noack2016MFI,
    author      = {Benjamin {Noack} and Joris {Sijs} and Uwe D. {Hanebeck}},
    title       = {Algebraic analysis of data fusion with ellipsoidal intersection}, 
    pages       = {365-370},
    crossref    = {IEEE:C:MFI:2016},
}

@inproceedings{Ahmed2016Fusion,
    author      = {Nisar R. Ahmed and William W. Whitacre and Sangwoo Moon and Eric W. Frew},
    title       = {Factorized Covariance Intersection for Scalable Partial State Decentralized Data Fusion},
    crossref    = {IEEE:C:FUSION:2016},
}

@inproceedings{Fritsche2016ICASSP,
  	title 		= {On parametric lower bounds for discrete-time filtering}, 
  	author 		= {Fritsche, Carsten and Orguner, Umut and Gustafsson, Fredrik},
  	booktitle 	= {Proceedings of the 2016 IEEE International Conference on Acoustics, Speech and Signal Processing}, 
  	address 	= {Shanghai, China},
  	pages 		= {4338-4342},  	
  	year 		= {2016},
	month 		= mar,
}

@inproceedings{Ajgl2016Fusion,
    author      = {Ji{\v{r}}{\'{i}} Ajgl and Ond{\v{r}}ej Straka},
    title       = {Covariance Intersection in Track-to-Track Fusion Without Memory},
    crossref    = {IEEE:C:FUSION:2016},
}

@inproceedings{Steinbring2016Fusion, 
    author      = {Jannik {Steinbring} and Benjamin {Noack} and Marc {Reinhardt} and Uwe D. {Hanebeck}}, 
    title       = {Optimal sample-based fusion for distributed state estimation}, 
    crossref    = {IEEE:C:FUSION:2016},
} 

@inproceedings{Nygards2016MFI,
    author      = {Jonas Nyg{\r{a}}rds and Viktor Deleskog and Gustaf Hendeby},
    title       = {Safe Fusion Compared to Established Distributed Fusion Methods},
    crossref    = {IEEE:C:MFI:2016},
}

@inproceedings{Ajgl2016MFI,
    author      = {Ji{\v{r}}{\'{i}} Ajgl and Ond{\v{r}}ej Straka},
    title       = {Covariance Intersection in Track-to-Track Fusion With Memory},
    crossref    = {IEEE:C:MFI:2016},
}

@inproceedings{Leonardos2017ACC,
    author      = {Leonardos, Spyridon and Daniilidis, Kostas},
    title       = {A game-theoretic approach to Robust Fusion and {K}alman filtering under unknown correlations}, 
    crossref    = {C:ACC:2017},
}

@inproceedings{Noack2017Fusion,
    author      = {Noack, Benjamin and Sijs, Joris and Hanebeck, Uwe D.},
    title       = {Inverse Covariance Intersection: New Insights and Properties},
    crossref    = {IEEE:C:FUSION:2017},
}

@inproceedings{Ajgl2018Fusion,
    author      = {Ajgl, Ji\v{r}\'{i} and Straka, Ond\v{r}ej}, 
    title       = {Analysis of Partial Knowledge of Correlations in an Estimation Fusion Problem}, 
    crossref    = {IEEE:C:FUSION:2018},
}

@inproceedings{Chen2018Fusion,
    author      = {Chen, Zhaozhong and Heckman, Christoffer and Julier, Simon J. and Ahmed, Nisar},
    title       = {Weak in the {NEES}?: {A}uto-Tuning {K}alman Filters with {B}ayesian Optimization}, 
    crossref    = {IEEE:C:FUSION:2018},
    pages       = {1072-1079},
}

@inproceedings{Chong2018Fusion,
    author      = {Chong, Chee-Yee and Chang, Kuochu and Mori, Shozo},
    title       = {A Review of Forty Years of Distributed Estimation},
    crossref    = {IEEE:C:FUSION:2018},
}

@inproceedings{Radtke2018Fusion, 
    author      = {Susanne Radtke and Benjamin Noack and Uwe D. Hanebeck and Ondrej Straka}, 
    title       = {Reconstruction of Cross-Correlations with Constant Number of Deterministic Samples}, 
    crossref    = {IEEE:C:FUSION:2018},
}

@inproceedings{Nygaards2018Fusion,
    author      = {Jonas Nyg{\r{a}}rds and Viktor Deleskog and Gustaf Hendeby},
    title       = {Decentralized Tracking in Sensor Networks with Varying Coverage},
    crossref    = {IEEE:C:FUSION:2018},
}

@inproceedings{Ajgl2018IFAC,
    author      = {Ajgl, Ji\v{r}\'{i} and Straka, Ond\v{r}ej},
    title       = {Comparison of Fusions Under Unknown and Partially Known Correlations},
    booktitle   = {Proceedings of the 7th IFAC Workshop on Distributed Estimation and Control in Networked Systems},
    volume      = {51},
    number      = {23},
    pages       = {295-300},
    month       = aug,
    year        = {2018},   
    address     = {Groningen, Netherlands},
}

@inproceedings{Shaf2018NeurIPS,
    author      = {Soroosh Shafieezadeh-Abadeh and Viet Anh Nguyen and Daniel Kuhn and Peyman Mohajerin Esfahani},
    title       = {{W}asserstein Distributionally Robust {K}alman Filtering},
    booktitle   = {NeurIPS},
    year        = 2018,
    month       = sep,
    pages       = {8483-8492},
}

@inproceedings{Ajgl2019ACC,
    author      = {Ji{\v{r}}{\'{i}} Ajgl and Ond{\v{r}}ej Straka},
    title       = {Rectification of Partitioned Covariance Intersection},
    crossref    = {C:ACC:2019},
}

@inproceedings{Greiff2020ACC,  
    author      = {Greiff, Marcus and Berntorp, Karl},  
    title       = {Optimal Measurement Projections with Adaptive Mixture {K}alman Filtering for {GNSS} Positioning},   
    pages       = {4435-4441},  
    crossref    = {C:ACC:2020},
}

@inproceedings{Greiff2020CCTA,
    author      = {Greiff, Marcus and Robertsson, Anders and Berntorp, Karl},
    title       = {{MSE}-optimal measurement dimension reduction in {G}aussian filtering}, 
    booktitle   = {Proceedings of the 2020 {IEEE} {C}onference on {C}ontrol {T}echnology and {Applications}}, 
    year        = {2020},
    month       = aug,
    pages       = {126-133},
}

@inproceedings{Funk2020MFI,
    author      = {Funk, Christopher and Noack, Benjamin and Hanebeck, Uwe D.},
    title       = {Conservative Quantization of Fast Covariance Intersection}, 
    pages       = {68-74},
    crossref    = {IEEE:C:MFI:2020},
}

@inproceedings{Ajgl2020Fusion,  
    author      = {Ajgl, Ji\v{r}\'{i} and Straka, Ond\v{r}ej},
    title       = {Inverse Covariance Intersection Fusion of Multiple Estimates},   
    crossref    = {IEEE:C:FUSION:2020},
}

@inproceedings{Radtke2020Fusion,
    author      = {Susanne {Radtke} and Benjamin {Noack} and Uwe D. {Hanebeck}},
    title       = {Fully Decentralized Estimation Using Square-Root Decompositions},
    crossref    = {IEEE:C:FUSION:2020},
}

@inproceedings{Ajgl2021MFI,
    author      = {Ajgl, Ji\v{r}\'{i} and Straka, Ond\v{r}ej}, 
    title       = {Lower Bounds In Estimation Fusion With Partial Knowledge of Correlations},
    crossref    = {IEEE:C:MFI:2021},
}

@inproceedings{Lima2021ITSC,
    author      = {Antoine Lima and Philippe Bonnifait and V\'{e}ronique Cherfaoui and Joelle Al Hage},
    title       = {Data Fusion with Split Covariance Intersection for Cooperative Perception},
    booktitle   = {Proceedings of the 24th IEEE International Conference on Intelligent Transportation Systems},
    year        = 2021,
    address     = {Indianapolis, IN, USA},
    month       = sep,
}
















% -------------------------------------------------------------------
% --- CROSSREF ------------------------------------------------------
% -------------------------------------------------------------------

% --- FUSION ---
@Proceedings{IEEE:C:FUSION:2002,
  	title 		= {5th } # IEEE_C_FUSION,
  	year 		= 2002,
	key 		= {IFO02},
	booktitle 	= PROC # {5th } # IEEE_C_FUSION,
	address 	= {Annapolis, MD, USA},
	month 		= jul,
}

@Proceedings{IEEE:C:FUSION:2003,
	title 		= {6th } # IEEE_C_FUSION,
	year 		= 2003,
	key 		= {IFO03},
	booktitle 	= PROC # {6th } # IEEE_C_FUSION,
	address 	= {Cairns, Queensland, Australia},
	month 		= jul,
}

@Proceedings{IEEE:C:FUSION:2005,
	title 		= {8th } # IEEE_C_FUSION,
	year 		= 2005,
	key 		= {IFO05},
	booktitle 	= PROC # {8th } # IEEE_C_FUSION,
	address 	= {Philadelphia, PA, USA},
	month 		= jul,
}

@Proceedings{IEEE:C:FUSION:2006,
	title 		= {9th } # IEEE_C_FUSION,
	year 		= 2006,
	key 		= {IFO06},
	booktitle 	= PROC # {9th } # IEEE_C_FUSION,
	address 	= {Florence, Italy},
	month 		= jul,
}

@Proceedings{IEEE:C:FUSION:2009,
	title 		= {12th } # IEEE_C_FUSION,
	year 		= 2009,
	key 		= {IFO09},
	booktitle 	= PROC # {12th } # IEEE_C_FUSION,
	address 	= {Seattle, WA, USA},
	month 		= jul,
}

@Proceedings{IEEE:C:FUSION:2010,
	title 		= {13th } # IEEE_C_FUSION,
	year 		= 2010,
	key 		= {IFO10},
	booktitle 	= PROC # {13th } # IEEE_C_FUSION,
	address 	= {Edinburgh, Scotland},
	month 		= jul,
}

@Proceedings{IEEE:C:FUSION:2011,
	title 		= {14th } # IEEE_C_FUSION,
	year 		= 2011,
	key 		= {IFO11},
	booktitle 	= PROC # {14th } # IEEE_C_FUSION,
	address 	= {Chicago, IL, USA},
	month 		= jul,
}

@Proceedings{IEEE:C:FUSION:2012,
	title 		= {15th } # IEEE_C_FUSION,
	year 		= 2012,
	key 		= {IFO12},
	booktitle 	= PROC # {15th } # IEEE_C_FUSION,
	address 	= {Singapore},
	month 		= jul, 
}

@Proceedings{IEEE:C:FUSION:2014,
	title 		= {17th } # IEEE_C_FUSION,
	year 		= 2014,
	key 		= {IFO14},
	booktitle 	= PROC # {17th } # IEEE_C_FUSION,
	address 	= {Salamanca, Spain},
	month 		= jul, 
}

@Proceedings{IEEE:C:FUSION:2015,
	title 		= {18th } # IEEE_C_FUSION,
	year 		= 2015,
	key 		= {IFO15},
	booktitle 	= PROC # {18th } # IEEE_C_FUSION,
	address 	= {Washington, DC, USA},
	month 		= jul, 
}

@Proceedings{IEEE:C:FUSION:2016,
	title 		= {19th } # IEEE_C_FUSION,
	year 		= 2016,
	key 		= {IFO16},
	booktitle 	= PROC # {19th } # IEEE_C_FUSION,
	address 	= {Heidelberg, Germany},
	month 		= jul, 
}

@Proceedings{IEEE:C:FUSION:2017,
	title 		= {20th } # IEEE_C_FUSION,
	year 		= 2017,
	key 		= {IFO17},
	booktitle 	= PROC # {20th } # IEEE_C_FUSION,
	address 	= {Xi'an, China},
	month 		= jul,
}

@Proceedings{IEEE:C:FUSION:2018,
	title 		= {21th } # IEEE_C_FUSION,
	year 		= 2018,
	key 		= {IFO18},
	booktitle 	= PROC # {21st } # IEEE_C_FUSION,
	address 	= {Cambridge, UK},
	month 		= jul,
}

@Proceedings{IEEE:C:FUSION:2019,
	title 		= {22nd } # IEEE_C_FUSION,
	year 		= 2019,
	key 		= {IFO19},
	booktitle 	= PROC # {22nd } # IEEE_C_FUSION,
	address 	= {Ottawa, Canada},
	month 		= jul,
}

@Proceedings{IEEE:C:FUSION:2020,
	title 		= {23rd } # IEEE_C_FUSION,
	year 		= 2020,
	key 		= {IFO20},
	booktitle 	= PROC # {23rd } # IEEE_C_FUSION,
	address 	= {Rustenburg, South Africa},
	month 		= jul,
}

@Proceedings{IEEE:C:FUSION:2022,
	title 		= {25th } # IEEE_C_FUSION,
	year 		= 2022,
	key 		= {IFO22},
	booktitle 	= PROC # {25th } # IEEE_C_FUSION,
	address 	= {Link\"{o}ping, Sweden},
	month 		= jul,
}

@Proceedings{IEEE:C:FUSION:2023,
	title 		= {26th } # IEEE_C_FUSION,
	year 		= 2023,
	key 		= {IFO23},
	booktitle 	= PROC # {26th } # IEEE_C_FUSION,
	address 	= {Charleston, SC, USA},
	month 		= jun,
}




% --- MFI ---
@Proceedings{IEEE:C:MFI:2001,
	key 		= {MFI01},
	title 		= IEEE_C_MFI,
	year 		= 2001,
	booktitle 	= PROC # {2001 } # IEEE_C_MFI,
	address 	= {Baden-Baden, Germany},
	month 		= aug,
}

@Proceedings{IEEE:C:MFI:2012,
	key 		= {MFI12},
	title 		= IEEE_C_MFI,
	year 		= 2012,
	booktitle 	= PROC # {2012 } # IEEE_C_MFI,
	address 	= {Hamburg, Germany},
	month 		= sep,
}

@Proceedings{IEEE:C:MFI:2016,
	key 		= {MFI16},
	title 		= IEEE_C_MFI,
	year 		= 2016,
	booktitle 	= PROC # {2016 } # IEEE_C_MFI,
	address 	= {Baden-Baden, Germany},
	month 		= sep,
}

@Proceedings{IEEE:C:MFI:2020,
	key 		= {MFI20},
	title 		= IEEE_C_MFI,
	year 		= 2020,
	booktitle 	= PROC # {2020 } # IEEE_C_MFI,
	address 	= {Virtual Conference},
	month 		= sep,
}

@Proceedings{IEEE:C:MFI:2021,
	key 		= {MFI21},
	title 		= IEEE_C_MFI,
	year 		= 2021,
	booktitle 	= PROC # {2021 } # IEEE_C_MFI,
	address 	= {Karlsruhe, Germany},
	month 		= sep,
}

@Proceedings{IEEE:C:MFI:2022,
	key 		= {MFI22},
	title 		= IEEE_C_MFI,
	year 		= 2022,
	booktitle 	= PROC # {2022 } # IEEE_C_MFI,
	address 	= {Bedford, UK},
	month 		= sep,
}




% --- ACC ---
@Proceedings{C:ACC:1986,
    key 		= {ACC86},
    title 		= {1986 } # C_ACC,
    year 		= 1986,
    booktitle 	= PROC # {1986 } # C_ACC,
    address 	= {Seattle, WA, USA},
    month 		= jun,
}

@Proceedings{C:ACC:1997,
    key 		= {ACC97},
    title 		= {1997 } # C_ACC,
    year 		= 1997,
    booktitle 	= PROC # {1997 } # C_ACC,
    address 	= {Albuquerque, NM, USA},
    month 		= jun,
}

@Proceedings{C:ACC:2004,
    key 		= {ACC04},
    title 		= {2004 } # C_ACC,
    year 		= 2004,
    booktitle 	= PROC # {2004 } # C_ACC,
    address 	= {Boston, MA, USA},
    month 		= jun,
}

@Proceedings{C:ACC:2010,
    key 		= {ACC10},
    title 		= {2010 } # C_ACC,
    year 		= 2010,
    booktitle 	= PROC # {2010 } # C_ACC,
    address 	= {Baltimore, MD, USA},
    month 		= jun,
}

@Proceedings{C:ACC:2011,
    key 		= {ACC11},
    title 		= {2011 } # C_ACC,
    year 		= 2011,
    booktitle 	= PROC # {2011 } # C_ACC,
    address 	= {San Fransisco, CA, USA},
    month 		= jun,
}

@Proceedings{C:ACC:2017,
    key 		= {ACC17},
    title 		= {2017 } # C_ACC,
    year 		= 2017,
    booktitle 	= PROC # {2017 } # C_ACC,
    address 	= {Seattle, WA, USA},
    month 		= jul,
}

@Proceedings{C:ACC:2019,
    key 		= {ACC19},
    title 		= {2019 } # C_ACC,
    year 		= 2019,
    booktitle	= PROC # {2019 } # C_ACC,
    address 	= {Philadelphia, PA, USA},
    month 		= jul,
}

@Proceedings{C:ACC:2020,
    key 		= {ACC20},
    title 		= {2020 } # C_ACC,
    year 		= 2020,
    booktitle 	= PROC # {2020 } # C_ACC,
    address 	= {Denver, CO, USA},
    month 		= jul,
}

@Proceedings{C:ACC:2023,
    key 		= {ACC23},
    title 		= {2023 } # C_ACC,
    year 		= 2023,
    booktitle 	= PROC # {2023 } # C_ACC,
    address 	= {San Diego, CA, USA},
    month 		= jun,
}




% --- IFAC ---
@Proceedings{C:IFAC:2002,
	key 		= {IFAC02},
	title 		= {2002 } # C_IFAC,   
	year 		= 2002, 
	booktitle 	= PROC # {15th } # C_IFAC,
	address 	= {Barcelona, Spain},
	month 		= jul,
}

@Proceedings{C:IFAC:2008,
	key 		= {IFAC08},
	title 		= {2008 } # C_IFAC,   
	year 		= 2008, 
	booktitle 	= PROC # {17th } # C_IFAC,
	address 	= {Seoul, Korea},
	month 		= jul,
}

@Proceedings{C:IFAC:2011,
	key 		= {IFAC11},
	title 		= {2011 } # C_IFAC,   
	year 		= 2011, 
	booktitle 	= PROC # {18th } # C_IFAC,
	address 	= {Milan, Italy},
	month 		= aug,
}




% --- IECON ---
@Proceedings{IEEE:C:IECON:2002,
    key 		= {IECON02},
    title 		= {2002 } # IEEE_C_IECON,
    year 		= 2002,   
    booktitle 	= PROC # {28th } # IEEE_C_IECON,
    address 	= {Sevilla, Spain},
    month 		= nov,
}       




% --- AERO ---
@Proceedings{IEEE:C:AERO,
    key 		= {AERO},
    title 		= IEEE_C_AERO,
    booktitle 	= PROC # IEEE_C_AERO,
    address 	= {Big Sky, MT, USA}, 
    month 		= mar,
}   




% --- CDC ---
@Proceedings{IEEE:C:CDC:1985,
    key 		= {CDC85},
    title 		= IEEE_C_CDC,
    year 		= {1985},
    booktitle 	= PROC # {24th } # IEEE_C_CDC,
    address 	= {Fort Lauderdale, FL, USA},
    month 		= dec,
}   
    
@Proceedings{IEEE:C:CDC:2004,
    key 		= {CDC04},
    title 		= IEEE_C_CDC,
    year 		= {2004},
    booktitle 	= PROC # {43rd } # IEEE_C_CDC,
    address 	= {Atlantis, Paradise Island, Bahamas},
    month 		= dec,
}

@Proceedings{IEEE:C:CDC:2005,
    key 		= {CDC05},
    title 		= IEEE_C_CDC,
    year 		= {2005},
    booktitle 	= PROC # {44th } # IEEE_C_CDC,
    address 	= {Sevilla, Spain},
    month 		= dec,
}

@Proceedings{IEEE:C:CDC:2007,
    key 		= {CDC07},
    title 		= IEEE_C_CDC,
    year 		= {2007},
    booktitle 	= PROC # {46th } # IEEE_C_CDC,
    address 	= {New Orleans, LA, USA},
    month 		= dec,
}




% --- OCEANS ---
@proceedings{IEEE:C:OCEANS:2023,
    key 		= {OCEANS23},
    title 		= IEEE_C_OCEANS,
    year 		= {2023},
    booktitle 	= {OCEANS 2023},
    address 	= {Limerick, Ireland},
    month		= jun,
}



