
% --- JOURNALS ---
@STRING{J_AUT         		= {Automatica}}
@STRING{J_IF 				= {Information Fusion}}

@STRING{J_CL 				= {IEEE Communications Letters}}
@STRING{J_CSM 				= {IEEE Control Systems Magazine}}
@STRING{J_CSL 				= {IEEE Control Systems Letters}}
@STRING{J_SPL 				= {IEEE Signal Processing Letters}}
@STRING{J_TAC 				= {IEEE Transactions on Automatic Control}}
@STRING{J_TAES        		= {IEEE Transactions on Aerospace and Electronic Systems}}
@STRING{J_TASSP        		= {IEEE Transactions on Acoustics, Speech, and Signal Processing}}
@STRING{J_TCOM        		= {IEEE Transactions on Communications}}
@STRGIN{J_TITS 				= {IEEE Transactions on Intelligent Transportation Systems}}
@STRING{J_TKDE 				= {IEEE Transactions on Knowledge and Data Engineering}}
@STRING{J_TRO 				= {IEEE Transactions on Robotics}}
@STRING{J_TSMC 				= {IEEE Transactions on Systems, Man, and Cybernetics: Systems}}
@STRING{J_TSP 				= {IEEE Transactions on Signal Processing}}


% --- CONFERENCES ---
@STRING{PROC                = {Proceedings of the }}

@STRING{IEEE_C_AERO 		= {{IEEE} Aerospace Conference}}
@STRING{IEEE_C_CDC 			= {{IEEE} Conference Decision and Control}}
@STRING{IEEE_C_FUSION       = {{IEEE} International Conference on
                             Information Fusion}}
@STRING{IEEE_C_IECON 		= {Annual Conference of the {IEEE} Industrial Electronics Society}}
@STRING{IEEE_C_MFI          = {{IEEE} International Conference on Multisensor Fusion and Integration}}
@STRING{IEEE_C_RADARCONF   	= {{IEEE} Radar Conference}}
@STRING{IEEE_C_OCEANS   	= {{IEEE} OCEANS}}


@STRING{C_ACC         		= {American Control Conference}}
@STRING{C_IFAC 				= {Triennial {IFAC} World Congress}}






% -------------------------------------------------------------------
% --- FORSLING ------------------------------------------------------
% -------------------------------------------------------------------
@phdthesis{Forsling2020Lic,
    author  	= {Robin Forsling},
    title   	= {Decentralized Estimation Using Conservative Information Extraction},
    school  	= {Link\"{o}ping University},
    year    	= {2020},
    month   	= dec,
    address 	= {Link\"{o}ping, Sweden},
    type    	= {{Licentiate Thesis No. 1897}},
}

@phdthesis{Forsling2023Phd,
  	author 		= {Robin Forsling},
  	title 		= {The Dark Side of Decentralized Target Tracking: {U}nknown Correlations and Communication Constraints},
  	school  	= {Link\"{o}ping University},
  	year 		= {2023},
  	month 		= nov,
  	address 	= {Link\"{o}ping, Sweden},
  	type 		= {{Dissertations. No. 2359}},
}

@article{Forsling2022TSP,
    author  	= {Robin Forsling and Anders Hansson and Fredrik Gustafsson and Zoran Sjanic and Johan L\"{o}fberg and Gustaf Hendeby},
    journal 	= J_TSP,
    title   	= {Conservative Linear Unbiased Estimation Under Partially Known Covariances}, 
    volume  	= {70},
    pages   	= {3123-3135},
    year    	= {2022},
    month   	= jun,
}

@article{Forsling2023arxiv, 
    author  	= {Robin Forsling and Fredrik Gustafsson and Zoran Sjanic and Gustaf Hendeby},
    title   	= {Decentralized State Estimation In A Dimension-Reduced Linear Regression},  
    year    	= {2023},
    doi   		= {10.48550/ARXIV.2210.06947},  
    url     	= {https://arxiv.org/abs/2210.06947}, 
    publisher 	= {arXiv},    
    note    	= {Preprint, arXiv}, 
}

@article{Forsling2024CSM,
    author  	= {Robin Forsling and Benjamin Noack and Gustaf Hendeby},
    journal 	= J_CSM,
    title   	= {A Quarter-Century of Covariance Intersection: {C}orrelations Still Unknown?}, 
    note    	= {Accepted for publication in Sep. 2023. Scheduled for the Apr. 2024 issue.},
}

@inproceedings{Forsling2019Fusion,
    author  	= {Robin Forsling and Zoran Sjanic and Fredrik Gustafsson and Gustaf Hendeby},
    title   	= {Consistent Distributed Track Fusion Under Communication Constraints},
    crossref 	= {IEEE:C:FUSION:2019},
}

@inproceedings{Forsling2020Fusion,
    author  	= {Robin Forsling and Zoran Sjanic and Fredrik Gustafsson and Gustaf Hendeby},
    title   	= {Communication Efficient Decentralized Track Fusion Using Selective Information Extraction},
    crossref 	= {IEEE:C:FUSION:2020},
}

@inproceedings{Forsling2022Fusion,
    author  	= {Robin Forsling and Zoran Sjanic and Fredrik Gustafsson and Gustaf Hendeby},
    title   	= {Optimal Linear Fusion of Dimension-Reduced Estimates Using Eigenvalue Optimization},
    crossref 	= {IEEE:C:FUSION:2022},
}

@inproceedings{Forsling2023Aero,
    author  	= {Robin Forsling and Fredrik Gustafsson and Zoran Sjanic and Gustaf Hendeby},
    title   	= {Decentralized Data Fusion of Dimension-Reduced Estimates Using Local Information Only},
    year    	= 2023,
    crossref 	= {IEEE:C:AERO}
}

@inproceedings{Bosser2023Oceans,
    author 		= {Daniel Boss\'{e}r and Robin Forsling and Isaac Skog and Gustaf Hendeby and Magnus Lundberg Nordenvaad},
    title 		= {Underwater Environment Modeling for Passive Sonar Track-Before-Detect}, 
    crossref 	= {IEEE:C:OCEANS:2023},
}

@inproceedings{Matousek2023ACC,
    author 		= {Jakub Matou\v{s}ek and Jind\v{r}ich Dun\'{i}k and Robin Forsling},
    title 		= {Distributed Point-Mass Filter with Reduced Data Transfer Using Copula Theory}, 
    pages 		= {1649-1654},
    crossref 	= {C:ACC:2023},
}

@inproceedings{Forsling2023Fusion,
    author  	= {Robin Forsling and Zoran Sjanic and Fredrik Gustafsson and Gustaf Hendeby},
    title   	= {Track-To-Track Association for Fusion of Dimension-Reduced Estimates},
    crossref 	= {IEEE:C:FUSION:2023},
}





% -------------------------------------------------------------------
% --- BOOKS ---------------------------------------------------------
% -------------------------------------------------------------------
@book{Jazwinski1970,
  	author 		= {Jazwinski, {Andrew H.}},
  	title 		= {Stochastic processes and filtering theory},
  	publisher 	= {Academic Press},
  	year 		= 1970,
   	address 	= {New York, NY, USA}, 
}

@book{Toh1997WANET,
	author 		= {Chai Keong Toh},
	title 		= {Wireless {ATM} and Ad-Hoc Networks: {P}rotocols and Architectures},
	publisher	= {Springer-Verlag},
	address 	= {New York, NY, USA},
	year 		= 1997,
}

@book{Blackman1999MTS,
	title 		= {Design and analysis of modern tracking systems},
	author 		= {Blackman, Samuel S. and Popoli, Robert},
	publisher 	=	{Artech House},
	year 		= 1999,
	address 	= {Norwood, MA, USA},
}

@book{Bar-Shalom2001,
	title 		= {Estimation with Applications to Tracking and Navigation},
	author 		= {Bar-Shalom, Yaakov and Li, Xiao-Rong and Kirubarajan, T.},
	year 		= {2001},
	publisher 	= {John Wiley \& Sons, Ltd},
	address 	= {New York, NY, USA},
}

@book{Johnson2007AMSA,
	title		= {Applied Multivariate Statistical Analysis},
	author		= {Johnson, R.A. and Wichern, D.W.},
	edition 	= 6,
	publisher 	= {Pearson Prentice Hall},
	address 	= {Upper Saddle River, NJ, USA},
	year		= 2007,	
}

@book{Gustafsson2018,
	author 		= {Gustafsson, Fredrik},
	title 		= {Statistical Sensor Fusion},
	year 		= {2018},
	publisher 	= {Studentlitteratur},
	address 	= {Lund, Sweden},
} 




% -------------------------------------------------------------------
% --- IN COLLECTION -------------------------------------------------
% -------------------------------------------------------------------
@incollection{Julier2009-ch14,
	author 		= {Julier, Simon J. and Uhlmann, Jeffrey K.},
	title 		= {General Decentralized Data Fusion with Covariance Intersection},
	chapter 	= 14,
	crossref 	= {LIGGINS:2009:HANDBOOK},
}




% -------------------------------------------------------------------
% --- EDITED BOOKS --------------------------------------------------
% -------------------------------------------------------------------
@book{LIGGINS:2009:HANDBOOK,
	booktitle 	= {Handbook of Multisensor Data Fusion: Theory and Practice},
	editor 		= {Liggins, Martin and Hall, David and Llinas, James},
	year 		= {2009},
	publisher 	= {CRC Press},
	address 	= {Boca Raton, FL, USA},
}	









% -------------------------------------------------------------------
% --- ARTICLES ------------------------------------------------------
% -------------------------------------------------------------------
@article{Kalman1960,
	author 		= {Rudolf E. {Kalman}},
	journal 	= {Transactions of the {ASME}--Journal of Basic Engineering},
	title 		= {A new approach to linear filtering and prediction problems},
	year 		= {1960},
	volume 		= {82(Series D)},
	pages 		= {35-45},
}

@article{Taylor1979TAC,
	author 		= {James H. {Taylor}},
	journal 	= J_TAC,
	title 		= {The {C}ram\'{e}r-{R}ao estimation error lower bound computation for deterministic nonlinear systems},
	year 		= {1979},
	volume 		= {24},
	number 		= {2},
	pages 		= {343-344},
	month 		= apr,
}

@article{Grime1994CEP,
	author 		= {Grime, Stewart H. and Durrant-Whyte, Hugh F.},
	title 		= {Data fusion in decentralized sensor networks},
	journal 	= {Control Engineering Practice},
	volume 		= {2},
	number 		= {5},
	pages 		= {849-863},
	year 		= {1994},
	month		= oct,
}

@article{Uhlmann2003IF,
	author 		= {Jeffrey K. Uhlmann},
	title 		= {Covariance consistency methods for fault-tolerant distributed data fusion},
	journal 	= J_IF,
	volume 		= {4},
	number 		= {3},
	pages 		= {201-215},
	year 		= {2003},
	month 		= sep,
}

@article{Castanedo2013TSWJ,
	author 		= {Castanedo, Federico},
	title 		= {A Review of Data Fusion Techniques},
	year 		= {2013},
	pages 		= {1-19},
	volume 		= {2013},
	journal 	= {The Scientific World Journal},
}

@article{Razzaque2013ACM, 
	author 		= {Razzaque, M. A. and Bleakley, Chris and Dobson, Simon}, 
	title 		= {Compression in Wireless Sensor Networks: {A} Survey and Comparative Evaluation}, 
	year 		= {2013}, 
	volume 		= {10}, 
	number 		= {1}, 
	journal 	= {ACM Transactions on Sensor Networks}, 
	month 		= dec,
}




% -------------------------------------------------------------------
% --- PROCEEDINGS ---------------------------------------------------
% -------------------------------------------------------------------
@inproceedings{Julier1997ACC,
	author 		= {Julier, Simon J. and Uhlmann, Jeffrey K.},
	title 		= {A non-divergent estimation algorithm in the presence of unknown correlations},
	pages 		= {2369-2373},
	crossref 	= {C:ACC:1997}
}

@inproceedings{Benaskeur2002IECON,  
	author 		= {Abder R. {Benaskeur}},   
	title 		= {Consistent fusion of correlated data sources},   
	pages 		= {2652-2656},
	crossref 	= {IEEE:C:IECON:2002}
}

@inproceedings{Kimura2005ITCC,
	author 		= {Naoto {Kimura} and Shahram {Latifi}},
	title 		= {A survey on data compression in wireless sensor networks}, 
	booktitle 	= {Proceedings of the IEEE International Conference on Information Technology: Coding and Computing}, 
	address 	= {Las Vegas, NV, USA},
	month 		= apr,
	year 		= {2005},
	volume 		= {2},
	pages 		= {8-13},
}

@inproceedings{Li2006Fusion,
	author 		= {Li, Xiao-Rong and Zhao, Zhanlue},
	title 		= {Measuring Estimator's Credibility: Noncredibility Index},
	crossref 	= {IEEE:C:FUSION:2006},
}

@inproceedings{Sijs2010ACC,
	author 		= {Sijs, Joris and Lazar, Mircea and Bosch, P. P. J. van den},
	title 		= {State fusion with unknown correlation: {E}llipsoidal intersection},
	pages 		= {3992-3997},
	crossref 	= {C:ACC:2010},
}

@inproceedings{Fritsche2016ICASSP,
  	title 		= {On parametric lower bounds for discrete-time filtering}, 
  	author 		= {Fritsche, Carsten and Orguner, Umut and Gustafsson, Fredrik},
  	booktitle 	= {Proceedings of the 2016 IEEE International Conference on Acoustics, Speech and Signal Processing}, 
  	address 	= {Shanghai, China},
  	pages 		= {4338-4342},  	
  	year 		= {2016},
	month 		= mar,
}

@inproceedings{Chen2018Fusion,
  	author 		= {Chen, Zhaozhong and Heckman, Christoffer and Julier, Simon J. and Ahmed, Nisar},
  	title 		= {Weak in the {NEES}?: {A}uto-Tuning {K}alman Filters with {B}ayesian Optimization}, 
  	crossref 	= {IEEE:C:FUSION:2018},
 	pages 		= {1072-1079},
}






 % --- FUSION ---
@Proceedings{IEEE:C:FUSION:2002,
  title =        {5th } # IEEE_C_FUSION,
  year =         2002,
  key =          {IFO02},
  booktitle =    PROC # {5th } # IEEE_C_FUSION,
  address =      {Annapolis, MD, USA},
  month =        jul,
}

@Proceedings{IEEE:C:FUSION:2003,
  title =        {6th } # IEEE_C_FUSION,
  year =         2003,
  key =          {IFO03},
  booktitle =    PROC # {6th } # IEEE_C_FUSION,
  address =      {Cairns, Queensland, Australia},
  month =        jul,
}

@Proceedings{IEEE:C:FUSION:2005,
  title =        {8th } # IEEE_C_FUSION,
  year =         2005,
  key =          {IFO05},
  booktitle =    PROC # {8th } # IEEE_C_FUSION,
  address =      {Philadelphia, PA, USA},
  month =        jul,
}

@Proceedings{IEEE:C:FUSION:2006,
  title =        {9th } # IEEE_C_FUSION,
  year =         2006,
  key =          {IFO06},
  booktitle =    PROC # {9th } # IEEE_C_FUSION,
  address =      {Florence, Italy},
  month =        jul,
}

@Proceedings{IEEE:C:FUSION:2009,
  title =        {12th } # IEEE_C_FUSION,
  year =         2009,
  key =          {IFO09},
  booktitle =    PROC # {12th } # IEEE_C_FUSION,
  address =      {Seattle, WA, USA},
  month =        jul,
}

@Proceedings{IEEE:C:FUSION:2010,
  title =        {13th } # IEEE_C_FUSION,
  year =         2010,
  key =          {IFO10},
  booktitle =    PROC # {13th } # IEEE_C_FUSION,
  address =      {Edinburgh, Scotland},
  month =        jul,
}

@Proceedings{IEEE:C:FUSION:2011,
  title =        {14th } # IEEE_C_FUSION,
  year =         2011,
  key =          {IFO11},
  booktitle =    PROC # {14th } # IEEE_C_FUSION,
  address =      {Chicago, IL, USA},
  month =        jul,
}

@Proceedings{IEEE:C:FUSION:2012,
  title =        {15th } # IEEE_C_FUSION,
  year =         2012,
  key =          {IFO12},
  booktitle =    PROC # {15th } # IEEE_C_FUSION,
  address =      {Singapore},
  month =        jul, 
}

@Proceedings{IEEE:C:FUSION:2014,
  title =        {17th } # IEEE_C_FUSION,
  year =         2014,
  key =          {IFO14},
  booktitle =    PROC # {17th } # IEEE_C_FUSION,
  address =      {Salamanca, Spain},
  month =        jul, 
}

@Proceedings{IEEE:C:FUSION:2015,
  title =        {18th } # IEEE_C_FUSION,
  year =         2015,
  key =          {IFO15},
  booktitle =    PROC # {18th } # IEEE_C_FUSION,
  address =      {Washington, DC, USA},
  month =        jul, 
}

@Proceedings{IEEE:C:FUSION:2016,
  title =        {19th } # IEEE_C_FUSION,
  year =         2016,
  key =          {IFO16},
  booktitle =    PROC # {19th } # IEEE_C_FUSION,
  address =      {Heidelberg, Germany},
  month =        jul, 
}

@Proceedings{IEEE:C:FUSION:2017,
  title =        {20th } # IEEE_C_FUSION,
  year =         2017,
  key =          {IFO17},
  booktitle =    PROC # {20th } # IEEE_C_FUSION,
  address =      {Xi'an, China},
  month =        jul,
}

@Proceedings{IEEE:C:FUSION:2018,
  title =        {21th } # IEEE_C_FUSION,
  year =         2018,
  key =          {IFO18},
  booktitle =    PROC # {21st } # IEEE_C_FUSION,
  address =      {Cambridge, UK},
  month =        jul,
}

@Proceedings{IEEE:C:FUSION:2019,
  title =        {22nd } # IEEE_C_FUSION,
  year =         2019,
  key =          {IFO19},
  booktitle =    PROC # {22nd } # IEEE_C_FUSION,
  address =      {Ottawa, Canada},
  month =        jul,
}

@Proceedings{IEEE:C:FUSION:2020,
  title =        {23rd } # IEEE_C_FUSION,
  year =         2020,
  key =          {IFO20},
  booktitle =    PROC # {23rd } # IEEE_C_FUSION,
  address =      {Rustenburg, South Africa},
  month =        jul,
}

@Proceedings{IEEE:C:FUSION:2022,
  title =        {25th } # IEEE_C_FUSION,
  year =         2022,
  key =          {IFO22},
  booktitle =    PROC # {25th } # IEEE_C_FUSION,
  address =      {Link\"{o}ping, Sweden},
  month =        jul,
}

@Proceedings{IEEE:C:FUSION:2023,
  title =        {26th } # IEEE_C_FUSION,
  year =         2023,
  key =          {IFO23},
  booktitle =    PROC # {26th } # IEEE_C_FUSION,
  address =      {Charleston, SC, USA},
  month =        jun,
}


% --- MFI ---
@Proceedings{IEEE:C:MFI:2001,
  key =          {MFI01},
  title =        IEEE_C_MFI,
  year =         2001,
  booktitle =    PROC # {2001 } # IEEE_C_MFI,
  address =      {Baden-Baden, Germany},
  month =        aug,
}

@Proceedings{IEEE:C:MFI:2012,
  key =          {MFI12},
  title =        IEEE_C_MFI,
  year =         2012,
  booktitle =    PROC # {2012 } # IEEE_C_MFI,
  address =      {Hamburg, Germany},
  month =        sep,
}

@Proceedings{IEEE:C:MFI:2016,
  key =          {MFI16},
  title =        IEEE_C_MFI,
  year =         2016,
  booktitle =    PROC # {2016 } # IEEE_C_MFI,
  address =      {Baden-Baden, Germany},
  month =        sep,
}

@Proceedings{IEEE:C:MFI:2020,
  key =          {MFI20},
  title =        IEEE_C_MFI,
  year =         2020,
  booktitle =    PROC # {2020 } # IEEE_C_MFI,
  address =      {Virtual Conference},
  month =        sep,
}

@Proceedings{IEEE:C:MFI:2021,
  key =          {MFI21},
  title =        IEEE_C_MFI,
  year =         2021,
  booktitle =    PROC # {2021 } # IEEE_C_MFI,
  address =      {Karlsruhe, Germany},
  month =        sep,
}

@Proceedings{IEEE:C:MFI:2022,
  key =          {MFI22},
  title =        IEEE_C_MFI,
  year =         2022,
  booktitle =    PROC # {2022 } # IEEE_C_MFI,
  address =      {Bedford, UK},
  month =        sep,
}


% --- ACC ---
@Proceedings{C:ACC:1986,
    key =           {ACC86},
    title =         {1986 } # C_ACC,
    year =          1986,
    booktitle =     PROC # {1986 } # C_ACC,
    address =       {Seattle, WA, USA},
    month =         jun,
}

@Proceedings{C:ACC:1997,
    key =           {ACC97},
    title =         {1997 } # C_ACC,
    year =          1997,
    booktitle =     PROC # {1997 } # C_ACC,
    address =       {Albuquerque, NM, USA},
    month =         jun,
}

@Proceedings{C:ACC:2004,
    key =           {ACC04},
    title =         {2004 } # C_ACC,
    year =          2004,
    booktitle =     PROC # {2004 } # C_ACC,
    address =       {Boston, MA, USA},
    month =         jun,
}

@Proceedings{C:ACC:2010,
    key =           {ACC10},
    title =         {2010 } # C_ACC,
    year =          2010,
    booktitle =     PROC # {2010 } # C_ACC,
    address =       {Baltimore, MD, USA},
    month =         jun,
}

@Proceedings{C:ACC:2011,
    key =           {ACC11},
    title =         {2011 } # C_ACC,
    year =          2011,
    booktitle =     PROC # {2011 } # C_ACC,
    address =       {San Fransisco, CA, USA},
    month =         jun,
}

@Proceedings{C:ACC:2017,
    key =           {ACC17},
    title =         {2017 } # C_ACC,
    year =          2017,
    booktitle =     PROC # {2017 } # C_ACC,
    address =       {Seattle, WA, USA},
    month =         jul,
}

@Proceedings{C:ACC:2019,
    key =           {ACC19},
    title =         {2019 } # C_ACC,
    year =          2019,
    booktitle =     PROC # {2019 } # C_ACC,
    address =       {Philadelphia, PA, USA},
    month =         jul,
}

@Proceedings{C:ACC:2020,
    key =           {ACC20},
    title =         {2020 } # C_ACC,
    year =          2020,
    booktitle =     PROC # {2020 } # C_ACC,
    address =       {Denver, CO, USA},
    month =         jul,
}

@Proceedings{C:ACC:2023,
    key =           {ACC23},
    title =         {2023 } # C_ACC,
    year =          2023,
    booktitle =     PROC # {2023 } # C_ACC,
    address =       {San Diego, CA, USA},
    month =         jun,
}


% --- IFAC ---
@Proceedings{C:IFAC:2002,
  key =         {IFAC02},
  title =       {2002 } # C_IFAC,   
  year =        2002, 
  booktitle =   PROC # {15th } # C_IFAC,
  address =     {Barcelona, Spain},
  month =       jul,
}

@Proceedings{C:IFAC:2008,
  key =         {IFAC08},
  title =       {2008 } # C_IFAC,   
  year =        2008, 
  booktitle =   PROC # {17th } # C_IFAC,
  address =     {Seoul, Korea},
  month =       jul,
}

@Proceedings{C:IFAC:2011,
  key =         {IFAC11},
  title =       {2011 } # C_IFAC,   
  year =        2011, 
  booktitle =   PROC # {18th } # C_IFAC,
  address =     {Milan, Italy},
  month =       aug,
}


% --- IECON ---
@Proceedings{IEEE:C:IECON:2002,
    key =       {IECON02},
    title =     {2002 } # IEEE_C_IECON,
    year =      2002,   
    booktitle = PROC # {28th } # IEEE_C_IECON,
    address =   {Sevilla, Spain},
    month =     nov,
}       


% --- AERO ---
@Proceedings{IEEE:C:AERO,
    key =       {AERO},
    title =     IEEE_C_AERO,
    booktitle = PROC # IEEE_C_AERO,
    address =   {Big Sky, MT, USA}, 
    month =     mar,
}   


% --- CDC ---
@Proceedings{IEEE:C:CDC:1985,
    key =       {CDC85},
    title =     IEEE_C_CDC,
    year =      {1985},
    booktitle = PROC # {24th } # IEEE_C_CDC,
    address =   {Fort Lauderdale, FL, USA},
    month =     dec,
}   
    
@Proceedings{IEEE:C:CDC:2004,
    key =       {CDC04},
    title =     IEEE_C_CDC,
    year =      {2004},
    booktitle = PROC # {43rd } # IEEE_C_CDC,
    address =   {Atlantis, Paradise Island, Bahamas},
    month =     dec,
}

@Proceedings{IEEE:C:CDC:2005,
    key =       {CDC05},
    title =     IEEE_C_CDC,
    year =      {2005},
    booktitle = PROC # {44th } # IEEE_C_CDC,
    address =   {Sevilla, Spain},
    month =     dec,
}

@Proceedings{IEEE:C:CDC:2007,
    key =       {CDC07},
    title =     IEEE_C_CDC,
    year =      {2007},
    booktitle = PROC # {46th } # IEEE_C_CDC,
    address =   {New Orleans, LA, USA},
    month =     dec,
}


% --- OCEANS ---
@proceedings{IEEE:C:OCEANS:2023,
    key = {OCEANS23},
    title = IEEE_C_OCEANS,
    year = {2023},
    booktitle = {OCEANS 2023},
    address = {Limerick, Ireland},
    month = jun,
}